<?xml version="1.0" encoding='ISO-8859-1'?>
<collection xmlns="http://www.loc.gov/MARC21/slim" xmlns:xsi="http://www.w3.org/2001/XMLSchema-instance" xsi:schemaLocation="http://www.loc.gov/MARC21/slim http://www.loc.gov/standards/marcxml/schema/MARC21slim.xsd">

<record xmlns="http://www.loc.gov/MARC21/slim" xmlns:xsi="http://www.w3.org/2001/XMLSchema-instance" xsi:schemaLocation="http://www.loc.gov/MARC21/slim http://www.loc.gov/standards/marcxml/schema/MARC21slim.xsd" type="Bibliographic" >
    <leader>00000nam  22000005i 4500</leader>
    <controlfield tag="001" >CCPB000413410-9</controlfield>
    <controlfield tag="005" >20170622001558.0</controlfield>
    <controlfield tag="008" >000905s1699    xxkf          ||| | eng d</controlfield>
    <datafield tag="035" ind1=" " ind2=" " >
        <subfield code="a" >DMBR010104925</subfield>
    </datafield>
    <datafield tag="040" ind1=" " ind2=" " >
        <subfield code="a" >CCPB-B </subfield>
        <subfield code="b" >spa </subfield>
        <subfield code="c" >CCPB-B </subfield>
        <subfield code="e" >rdc</subfield>
    </datafield>
    <datafield tag="041" ind1="1" ind2=" " >
        <subfield code="a" >eng </subfield>
        <subfield code="h" >spa</subfield>
    </datafield>
    <datafield tag="100" ind1="1" ind2=" " >
        <subfield code="a" >Casas, Bartolomé de las </subfield>
        <subfield code="c" >(O.P.) (</subfield>
        <subfield code="d" >1474-1566)</subfield>
    </datafield>
    <datafield tag="245" ind1="1" ind2="3" >
        <subfield code="a" >An Account of the first voyages and discoveries made by the spaniards in America </subfield>
        <subfield code="b" >: containing the most exact relation hithero publish´d of their unparallel´d cruelties on the indians ... ; with the propositions offer´d to the King of Spain ... / </subfield>
        <subfield code="c" >by don Bartholomew de las Casas ... ; to which is added The Art of Travelling, shewing how a Man may dispose his Travels to the best advantage.</subfield>
    </datafield>
    <datafield tag="260" ind1=" " ind2=" " >
        <subfield code="a" >London : </subfield>
        <subfield code="b" >printed by J. Darby : </subfield>
        <subfield code="b" >for D. Brown ..., J. Harris ... and Andr. Bell ..., </subfield>
        <subfield code="c" >1699.</subfield>
    </datafield>
    <datafield tag="300" ind1=" " ind2=" " >
        <subfield code="a" >[8], 248, 40 p., [1] h. de grab. pleg. ; </subfield>
        <subfield code="c" >8º.</subfield>
    </datafield>
    <datafield tag="597" ind1=" " ind2=" " >
        <subfield code="a" >Sign.: A4, B-T8.</subfield>
    </datafield>
    <datafield tag="599" ind1=" " ind2=" " >
        <subfield code="a" >La h. de grab. pleg. son xil.</subfield>
    </datafield>
    <datafield tag="650" ind1=" " ind2="4" >
        <subfield code="a" >Indios Americanos.</subfield>
    </datafield>
    <datafield tag="651" ind1=" " ind2="4" >
        <subfield code="a" >America-</subfield>
        <subfield code="x" >Descubrimientos y exploraciones.</subfield>
    </datafield>
    <datafield tag="700" ind1="1" ind2=" " >
        <subfield code="a" >Darby, John (</subfield>
        <subfield code="d" >fl. ca. 1695-1733), </subfield>
        <subfield code="e" >imp.</subfield>
    </datafield>
    <datafield tag="700" ind1="1" ind2=" " >
        <subfield code="a" >Brown, D., </subfield>
        <subfield code="e" >ed.</subfield>
    </datafield>
    <datafield tag="700" ind1="1" ind2=" " >
        <subfield code="a" >Harris, J., </subfield>
        <subfield code="e" >ed.</subfield>
    </datafield>
    <datafield tag="700" ind1="1" ind2=" " >
        <subfield code="a" >Bell, Andrew, </subfield>
        <subfield code="e" >ed.</subfield>
    </datafield>
    <datafield tag="740" ind1="4" ind2=" " >
        <subfield code="a" >The Art of Travelling.</subfield>
    </datafield>
    <datafield tag="752" ind1=" " ind2=" " >
        <subfield code="a" >Gran Bretaña - </subfield>
        <subfield code="d" >Londres</subfield>
    </datafield>
</record>