
<record xmlns="http://www.loc.gov/MARC21/slim" xmlns:xsi="http://www.w3.org/2001/XMLSchema-instance" xsi:schemaLocation="http://www.loc.gov/MARC21/slim http://www.loc.gov/standards/marcxml/schema/MARC21slim.xsd" type="Bibliographic" >
    <leader>00000cam  22000005i 4500</leader>
    <controlfield tag="001" >CCPB000000038-8</controlfield>
    <controlfield tag="005" >20161018181441.0</controlfield>
    <controlfield tag="008" >931025s1552    sp            ||| | spa d</controlfield>
    <datafield tag="035" ind1=" " ind2=" " >
        <subfield code="a" >0100016910 </subfield>
        <subfield code="z" >CCPB000004516-0 </subfield>
        <subfield code="z" >0100055502</subfield>
    </datafield>
    <datafield tag="040" ind1=" " ind2=" " >
        <subfield code="a" >CCPB </subfield>
        <subfield code="b" >spa </subfield>
        <subfield code="c" >CCPB </subfield>
        <subfield code="e" >rdc</subfield>
    </datafield>
    <datafield tag="100" ind1="1" ind2=" " >
        <subfield code="a" >Casas, Bartolomé de las </subfield>
        <subfield code="c" >(O.P.) (</subfield>
        <subfield code="d" >1474-1566)</subfield>
    </datafield>
    <datafield tag="245" ind1="1" ind2="0" >
        <subfield code="a" >Aqui se c¯otien¯e treynta proposiciones muy juridicas : en las quales sumaria y succintamente se toc¯a muchas cosas perteneci¯etes al derecho ¯q la yglesia y los principes christianos tienen o pued¯e tener sobre los infieles de qual quier especie que sean... / </subfield>
        <subfield code="c" >colijo [sic] las dichas treynta p[ro]posicionesel obispo do[n] Fray Bartholome de las Casas o Casaus...</subfield>
    </datafield>
    <datafield tag="260" ind1=" " ind2=" " >
        <subfield code="a" >Impresso en seuilla : </subfield>
        <subfield code="b" >en casa de sebasti¯a trugillo, </subfield>
        <subfield code="c" >1552.</subfield>
    </datafield>
    <datafield tag="300" ind1=" " ind2=" " >
        <subfield code="a" >[10] h. ; </subfield>
        <subfield code="c" >4º.</subfield>
    </datafield>
    <datafield tag="510" ind1="4" ind2=" " >
        <subfield code="a" >CCBE S. XVI, </subfield>
        <subfield code="c" >C, 885</subfield>
    </datafield>
    <datafield tag="510" ind1="4" ind2=" " >
        <subfield code="a" >Escudero, </subfield>
        <subfield code="c" >542</subfield>
    </datafield>
    <datafield tag="533" ind1=" " ind2=" " >
        <subfield code="a" >Copia digital : </subfield>
        <subfield code="c" >Universitat de Valencia, RODERIC.</subfield>
    </datafield>
    <datafield tag="533" ind1=" " ind2=" " >
        <subfield code="a" >Copia digital : </subfield>
        <subfield code="c" >Universidad de Valladolid.</subfield>
    </datafield>
    <datafield tag="533" ind1=" " ind2=" " >
        <subfield code="a" >Copia digital : </subfield>
        <subfield code="c" >Universidad de Salamanca, Gredos.</subfield>
    </datafield>
    <datafield tag="596" ind1=" " ind2=" " >
        <subfield code="a" >Lugar de impresión e impresor tomados de colofón.</subfield>
    </datafield>
    <datafield tag="597" ind1=" " ind2=" " >
        <subfield code="a" >Sign.: A10.</subfield>
    </datafield>
    <datafield tag="597" ind1=" " ind2=" " >
        <subfield code="a" >Portada orlada a dos tintas.</subfield>
    </datafield>
    <datafield tag="597" ind1=" " ind2=" " >
        <subfield code="a" >Letra gótica.</subfield>
    </datafield>
    <datafield tag="650" ind1=" " ind2="4" >
        <subfield code="a" >Colonización-</subfield>
        <subfield code="x" >Defensa de los Indios-</subfield>
        <subfield code="y" >S. XVI.</subfield>
    </datafield>
    <datafield tag="700" ind1="1" ind2=" " >
        <subfield code="a" >Trujillo, Sebastián, </subfield>
        <subfield code="e" >impresor.</subfield>
    </datafield>
    <datafield tag="740" ind1="0" ind2=" " >
        <subfield code="a" >Aqui se contienen treynta proposiciones muy juridicas : en las quales sumaria y succintamente se tocan muchas cosas pertenecientes al derecho que la yglesia y los principes christianos tienen o pueden tener sobre los infieles de qual quier especie que sean.</subfield>
    </datafield>
    <datafield tag="752" ind1=" " ind2=" " >
        <subfield code="a" >España - </subfield>
        <subfield code="d" >Sevilla.</subfield>
    </datafield>
</record>