
<record xmlns="http://www.loc.gov/MARC21/slim" xmlns:xsi="http://www.w3.org/2001/XMLSchema-instance" xsi:schemaLocation="http://www.loc.gov/MARC21/slim http://www.loc.gov/standards/marcxml/schema/MARC21slim.xsd" type="Bibliographic" >
    <leader>00000cam  22000005i 4500</leader>
    <controlfield tag="001" >CCPB000000039-6</controlfield>
    <controlfield tag="005" >20161018173054.0</controlfield>
    <controlfield tag="008" >931025s1552    sp            ||| | spa d</controlfield>
    <datafield tag="035" ind1=" " ind2=" " >
        <subfield code="a" >0100016911 </subfield>
        <subfield code="z" >CCPB000004514-4 </subfield>
        <subfield code="z" >0100055500</subfield>
    </datafield>
    <datafield tag="040" ind1=" " ind2=" " >
        <subfield code="a" >CCP </subfield>
        <subfield code="b" >spa </subfield>
        <subfield code="c" >PAB </subfield>
        <subfield code="d" >CCPB </subfield>
        <subfield code="e" >rdc</subfield>
    </datafield>
    <datafield tag="100" ind1="1" ind2=" " >
        <subfield code="a" >Casas, Bartolomé de las </subfield>
        <subfield code="c" >(O.P.) (</subfield>
        <subfield code="d" >1474-1566)</subfield>
    </datafield>
    <datafield tag="245" ind1="1" ind2="0" >
        <subfield code="a" >Aqui se c¯otien¯e vnos auisos y reglas para los confessores ¯q oyeren confessiones delos españoles que son o han sido en cargo a los indios de las Indias del mar Oceano / </subfield>
        <subfield code="c" >colegidas por ... fray Bartholome delas casas o casaus dela orden de Sancto Domingo.</subfield>
    </datafield>
    <datafield tag="260" ind1=" " ind2=" " >
        <subfield code="a" >Fue impressa... en ... Seuilla : </subfield>
        <subfield code="b" >en casa de Sebastian Trugillo ...,</subfield>
        <subfield code="c" >1552.</subfield>
    </datafield>
    <datafield tag="300" ind1=" " ind2=" " >
        <subfield code="a" >[16] h. ; </subfield>
        <subfield code="c" >4º.</subfield>
    </datafield>
    <datafield tag="510" ind1="4" ind2=" " >
        <subfield code="a" >CCBE S. XVI, </subfield>
        <subfield code="c" >C, 882 y 883</subfield>
    </datafield>
    <datafield tag="533" ind1=" " ind2=" " >
        <subfield code="a" >Copia digital : </subfield>
        <subfield code="c" >Universitat de Valencia, RODERIC.</subfield>
    </datafield>
    <datafield tag="533" ind1=" " ind2=" " >
        <subfield code="a" >Copia digital : </subfield>
        <subfield code="c" >Universidad de Valladolid.</subfield>
    </datafield>
    <datafield tag="533" ind1=" " ind2=" " >
        <subfield code="a" >Copia digital : </subfield>
        <subfield code="c" >Universidad de Salamanca, Gredos.</subfield>
    </datafield>
    <datafield tag="596" ind1=" " ind2=" " >
        <subfield code="a" >Pie de imp. tomado de colofón: &quot;Fue impressa la presente obra enla muy noble [y] muy leal ciudad de seuilla, en casa de Sebastian Trugillo impressor de libros.Fro[n]tero de nuestra señora de Gracia. Acabosse a .xx. dias del mes de Setiembre, Año de mil [y] quinientos [y] cincuenta y dos&quot;</subfield>
    </datafield>
    <datafield tag="597" ind1=" " ind2=" " >
        <subfield code="a" >Sign.: a16.</subfield>
    </datafield>
    <datafield tag="597" ind1=" " ind2=" " >
        <subfield code="a" >Portada orlada a dos tintas.</subfield>
    </datafield>
    <datafield tag="597" ind1=" " ind2=" " >
        <subfield code="a" >Letra gótica.</subfield>
    </datafield>
    <datafield tag="650" ind1=" " ind2="4" >
        <subfield code="a" >Colonización-</subfield>
        <subfield code="x" >Defensa de los Indios-</subfield>
        <subfield code="y" >S. XVI.</subfield>
    </datafield>
    <datafield tag="700" ind1="1" ind2=" " >
        <subfield code="a" >Trujillo, Sebastián, </subfield>
        <subfield code="e" >imp.</subfield>
    </datafield>
    <datafield tag="740" ind1="0" ind2=" " >
        <subfield code="a" >Aqui se contienen unos avisos y reglas para los confessores que oyeren confessiones de los españoles que son o han sido en cargo a los indios de las Indias del mar Oceano.</subfield>
    </datafield>
    <datafield tag="752" ind1=" " ind2=" " >
        <subfield code="a" >España - </subfield>
        <subfield code="d" >Sevilla.</subfield>
    </datafield>
</record>