
<record xmlns="http://www.loc.gov/MARC21/slim" xmlns:xsi="http://www.w3.org/2001/XMLSchema-instance" xsi:schemaLocation="http://www.loc.gov/MARC21/slim http://www.loc.gov/standards/marcxml/schema/MARC21slim.xsd" type="Bibliographic" >
    <leader>00000cam  22000005i 4500</leader>
    <controlfield tag="001" >CCPB000000037-X</controlfield>
    <controlfield tag="005" >20210510113408.0</controlfield>
    <controlfield tag="008" >931025s1552    sp            ||| | spa d</controlfield>
    <datafield tag="035" ind1=" " ind2=" " >
        <subfield code="a" >0100016909 </subfield>
        <subfield code="z" >CCPB000004515-2 </subfield>
        <subfield code="z" >0100055501 </subfield>
        <subfield code="z" >CCPB000000492-8</subfield>
        <subfield code="z" >0100023204</subfield>
    </datafield>
    <datafield tag="040" ind1=" " ind2=" " >
        <subfield code="a" >PAB </subfield>
        <subfield code="b" >spa </subfield>
        <subfield code="c" >PAB </subfield>
        <subfield code="e" >rdc</subfield>
    </datafield>
    <datafield tag="100" ind1="1" ind2=" " >
        <subfield code="a" >Casas, Bartolomé de las </subfield>
        <subfield code="c" >(O.P.) (</subfield>
        <subfield code="d" >1474-1566)</subfield>
    </datafield>
    <datafield tag="245" ind1="1" ind2="0" >
        <subfield code="a" >Aqui se contiene vna disputa o controuersia entre el Obispo d¯o fray Bartholome de las Casas o Casaus obispo ¯q fue dela ciudad Real de Chiapa que es en las Indias parte dela nueua España y el doctor Gines de Sepulueda Coronista del Emperador nuestro señor </subfield>
        <subfield code="b" >: sobre ¯q el doctor contendia ¯q las conquistas delas Indias contra los Indios eran licitas, y el obispo por el c¯otrario ¯dfendio y affirmo auer sido y ser ipossible [sic] no serlo, tiranicas, injustas [et] iniquas. La qual questi¯o se v¯etilo [et] disputo en presencia ¯d muchos letrados theologos [et] juristas en vna c¯ogregacion ¯q mando su magestad juntar el año de mil [et] ¯qni¯etos y cincu¯eta en la villa de Valladolid.</subfield>
    </datafield>
    <datafield tag="246" ind1="2" ind2=" " >
        <subfield code="a" >Aquí se contiene una disputa o controversia entre el Obispo don fray Bartolome de las Casas o Casaus obispo que fue de la ciudad Real de Chiapa que es en las Indias, parte de la Nueva España y el doctor Ginés de Sepúlveda Cronista del Emperador nuestro señor </subfield>
        <subfield code="b" >: sobre que el doctor contendía que las conquistas de las Indias contra los Indios eran licitas, y el obispo por el contrario defendió y afirmó haber sido y ser imposible no serlo, tiránicas, injustas e inicuas. La cual cuestión se ve]tiló y disputó en presencia de muchos letrados teólogos y juristas en una congregación que mandó su magestad juntar el año de mil y quinientos y cincuenta en la villa de Valladolid.</subfield>
    </datafield>
    <datafield tag="260" ind1=" " ind2=" " >
        <subfield code="a" >Fue impressa ... en ... Seuilla : </subfield>
        <subfield code="b" >en casa de Sebastian Trugillo impressor de libros. Fr¯otero de nuestra señora de Gracia., </subfield>
        <subfield code="c" >1552.</subfield>
    </datafield>
    <datafield tag="300" ind1=" " ind2=" " >
        <subfield code="a" >[61] h., [1] en bl. ; </subfield>
        <subfield code="c" >4º.</subfield>
    </datafield>
    <datafield tag="510" ind1="4" ind2=" " >
        <subfield code="a" >CCBE S. XVI, </subfield>
        <subfield code="c" >C, 884</subfield>
    </datafield>
    <datafield tag="510" ind1="4" ind2=" " >
        <subfield code="a" >Escudero, </subfield>
        <subfield code="c" >542</subfield>
    </datafield>
    <datafield tag="533" ind1=" " ind2=" " >
        <subfield code="a" >Copia digital : </subfield>
        <subfield code="c" >Universitat de Valencia, RODERIC.</subfield>
    </datafield>
    <datafield tag="533" ind1=" " ind2=" " >
        <subfield code="a" >Copia digital : </subfield>
        <subfield code="c" >Universidad de Valladolid.</subfield>
    </datafield>
    <datafield tag="533" ind1=" " ind2=" " >
        <subfield code="a" >Copia digital : </subfield>
        <subfield code="c" >Universidad de Salamanca, Gredos.</subfield>
    </datafield>
    <datafield tag="533" ind1=" " ind2=" " >
        <subfield code="a" >Copia digital : </subfield>
        <subfield code="c" >Biblioteca Digital Hispánica (Biblioteca Nacional de España)</subfield>
    </datafield>
    <datafield tag="533" ind1=" " ind2=" " >
        <subfield code="a" >Copia digital : </subfield>
        <subfield code="c" >Biblioteca Digital Lau Haizeetara : Bizkaiko Foru Liburutegia / Biblioteca Foral de Bizkaia.</subfield>
    </datafield>
    <datafield tag="595" ind1=" " ind2=" " >
        <subfield code="a" >Considerada como edición A original.</subfield>
    </datafield>
    <datafield tag="595" ind1=" " ind2=" " >
        <subfield code="a" >Existe otra edición B considerada falsa con el mismo pie de imprenta.</subfield>
    </datafield>
    <datafield tag="595" ind1=" " ind2=" " >
        <subfield code="a" >Esta edición A varía en composición, grabado de la portada, el grabado de inicial en a1 es un personaje con un libro bajo el brazo y en a3v. la inicial M es una columna con motivo vegetal.</subfield>
    </datafield>
    <datafield tag="596" ind1=" " ind2=" " >
        <subfield code="a" >Pie de imprenta consta en el colofón: &quot;Fue impressa la presente obra enla muy noble [et] muy leal ciudad de Seuilla: en casa de Sebastian Trugillo impressor de libros. Fro[n]tero de nuestra señora de Gracia. Acabosse a .x. dias del mes de Setiembre. Año de mil [et] quinientos [et]cincuenta y dos&quot;</subfield>
    </datafield>
    <datafield tag="597" ind1=" " ind2=" " >
        <subfield code="a" >Sign.: a-g8, h5.</subfield>
    </datafield>
    <datafield tag="597" ind1=" " ind2=" " >
        <subfield code="a" >Portada a dos tintas enmarcada con 4 tacos xilográficos cuya pieza superior contiene escudo imperial con águila bicéfala y el inferior rectangular con motivos de seres fabulosos y vegetales.</subfield>
    </datafield>
    <datafield tag="597" ind1=" " ind2=" " >
        <subfield code="a" >Letra gótica.</subfield>
    </datafield>
    <datafield tag="597" ind1=" " ind2=" " >
        <subfield code="a" >El grabado de la inicial en a1 es un personaje con un libro bajo el brazo y en a3v. la inicial M es una columna con motivo vegetal.</subfield>
    </datafield>
    <datafield tag="650" ind1=" " ind2="4" >
        <subfield code="a" >Colonización-</subfield>
        <subfield code="x" >Defensa de los Indios-</subfield>
        <subfield code="y" >S. XVI.</subfield>
    </datafield>
    <datafield tag="650" ind1=" " ind2="4" >
        <subfield code="a" >Contoversias-Indias-</subfield>
        <subfield code="y" >S. XVI.</subfield>
    </datafield>
    <datafield tag="700" ind1="1" ind2=" " >
        <subfield code="a" >Trujillo, Sebastián, </subfield>
        <subfield code="e" >impresor.</subfield>
    </datafield>
    <datafield tag="700" ind1="1" ind2=" " >
        <subfield code="a" >Sepúlveda, Juan Ginés de (</subfield>
        <subfield code="d" >1490-1573)</subfield>
    </datafield>
    <datafield tag="752" ind1=" " ind2=" " >
        <subfield code="a" >España - </subfield>
        <subfield code="d" >Sevilla.</subfield>
    </datafield>
</record>