
<record xmlns="http://www.loc.gov/MARC21/slim" xmlns:xsi="http://www.w3.org/2001/XMLSchema-instance" xsi:schemaLocation="http://www.loc.gov/MARC21/slim http://www.loc.gov/standards/marcxml/schema/MARC21slim.xsd" type="Bibliographic" >
    <leader>00000cam  22000005i 4500</leader>
    <controlfield tag="001" >CCPB000000492-8</controlfield>
    <controlfield tag="005" >20210510113318.0</controlfield>
    <controlfield tag="008" >931025s1552    sp            ||| | spa d</controlfield>
    <datafield tag="035" ind1=" " ind2=" " >
        <subfield code="a" >0100023204</subfield>
    </datafield>
    <datafield tag="040" ind1=" " ind2=" " >
        <subfield code="a" >CCPB </subfield>
        <subfield code="b" >spa </subfield>
        <subfield code="c" >CCPB </subfield>
        <subfield code="e" >rdc</subfield>
    </datafield>
    <datafield tag="100" ind1="1" ind2=" " >
        <subfield code="a" >Casas, Bartolomé de las </subfield>
        <subfield code="c" >(O.P.) (</subfield>
        <subfield code="d" >1474-1566)</subfield>
    </datafield>
    <datafield tag="245" ind1="1" ind2="0" >
        <subfield code="a" >Aquí se contiene vna disputa, o controversia entre el Obispo don fray Bartholome de las Casas, o Casaus, Obispo que fue de la Ciudad Real de Chiapa que es en las Indias, parte de la nueua España, y el doctor Gines de Sepulueda Coronista del Emperador nuestro Señor </subfield>
        <subfield code="b" >: sobre ¯q el doctor c¯otendia, que las conquistas de las Indias contra los Indios eran licitas, y el Obispo por el contrario defendio y affirmo auer sido y ser impossible no serlo tyranicas injustas [et] iniquas. La qual question se ventilo [et] disputo en pres¯ecia de muchos letrados theologos [et] juristas, en vna congregación que m¯ado sumagestad [sic] juntar el año de mil y quini¯etos y cincu¯eta en la villa de Vallad.</subfield>
    </datafield>
    <datafield tag="246" ind1="2" ind2=" " >
        <subfield code="a" >Aquí se contiene una disputa o controversia entre el Obispo don fray Bartolomé de las Casas o Casaus, Obispo que fue de la Ciudad Real de Chiapa que es en las Indias, parte de la Nueva España, y el doctor Ginés de Sepúlveda cronista del Emperador nuestro señor : sobre que el doctor contendía que las conquistas de las Indias contra los indios eran lícitas, y el Obispo por el contrario defendió y afirmó haber sido y ser imposible no serlo tiránicas, injustas e inicuas. La cual cuestión se ventiló y disputó en presencia de muchos letrados teólogos y juristas en una congregación que mandó su magestad juntar el año de mil y quinientos y cincuenta en la villa de Valladolid.</subfield>
    </datafield>
    <datafield tag="260" ind1=" " ind2=" " >
        <subfield code="a" >Fue impressa ... en ... Seuilla : </subfield>
        <subfield code="b" >en casa de Sebasti¯a Trugillo impressor de libros, fr¯otero de nuestra señora de gracia..., </subfield>
        <subfield code="c" >1552.</subfield>
    </datafield>
    <datafield tag="300" ind1=" " ind2=" " >
        <subfield code="a" >[61], [1] h. en bl. ; </subfield>
        <subfield code="c" >4º.</subfield>
    </datafield>
    <datafield tag="510" ind1="4" ind2=" " >
        <subfield code="a" >CCBE S. XVI, </subfield>
        <subfield code="c" >C, 884</subfield>
    </datafield>
    <datafield tag="595" ind1=" " ind2=" " >
        <subfield code="a" >Considerada como edición B falsa.</subfield>
    </datafield>
    <datafield tag="595" ind1=" " ind2=" " >
        <subfield code="a" >Existe otra edición A considerada original con el mismo pie de imprenta.</subfield>
    </datafield>
    <datafield tag="595" ind1=" " ind2=" " >
        <subfield code="a" >Esta edición B varía en composición, grabado de la portada, el grabado de inicial en a1 es un motivo vegetal y en a3v. la inicial M es tipográfica sin decoración.</subfield>
    </datafield>
    <datafield tag="596" ind1=" " ind2=" " >
        <subfield code="a" >Pie de imprenta consta en el colofón: &quot;Fue impressa la pres¯ete obra enla muy noble [et] muy leal ciudad de Seuilla: en casa de Sebasti¯a Trugillo impressor de libros, fr¯otero de nuestra señora de gracia. Acabosse a .x. dias del mes de Setiembre. Año de mil [et] quini¯etos [et] cincu¯eta y dos Años.&quot;</subfield>
    </datafield>
    <datafield tag="597" ind1=" " ind2=" " >
        <subfield code="a" >Sign.: a-g8, h5.</subfield>
    </datafield>
    <datafield tag="597" ind1=" " ind2=" " >
        <subfield code="a" >Portada a dos tintas enmarcada con 4 tacos xilográficos cuya pieza superior es un arco de medio punto y el inferior contiene 4 ángeles que sustentan un escudo en blanco.</subfield>
    </datafield>
    <datafield tag="597" ind1=" " ind2=" " >
        <subfield code="a" >Letra gótica.</subfield>
    </datafield>
    <datafield tag="597" ind1=" " ind2=" " >
        <subfield code="a" >El grabado de inicial en a1 es un motivo vegetal y en a3v. la inicial M es tipográfica sin decoración.</subfield>
    </datafield>
    <datafield tag="650" ind1=" " ind2="4" >
        <subfield code="a" >Colonización-</subfield>
        <subfield code="x" >Defensa de los indios-</subfield>
        <subfield code="y" >s. XVI.</subfield>
    </datafield>
    <datafield tag="650" ind1=" " ind2="4" >
        <subfield code="a" >Controversias-</subfield>
        <subfield code="x" >Indios-</subfield>
        <subfield code="y" >s. XVI.</subfield>
    </datafield>
    <datafield tag="700" ind1="1" ind2=" " >
        <subfield code="a" >Trujillo, Sebastián, </subfield>
        <subfield code="e" >impresor.</subfield>
    </datafield>
    <datafield tag="700" ind1="1" ind2=" " >
        <subfield code="a" >Sepúlveda, Juan Ginés de (</subfield>
        <subfield code="d" >1490-1573)</subfield>
    </datafield>
    <datafield tag="752" ind1=" " ind2=" " >
        <subfield code="a" >España - </subfield>
        <subfield code="d" >Sevilla.</subfield>
    </datafield>
</record>