
<record xmlns="http://www.loc.gov/MARC21/slim" xmlns:xsi="http://www.w3.org/2001/XMLSchema-instance" xsi:schemaLocation="http://www.loc.gov/MARC21/slim http://www.loc.gov/standards/marcxml/schema/MARC21slim.xsd" type="Bibliographic" >
    <leader>00000cam  22000005i 4500</leader>
    <controlfield tag="001" >CCPB000000040-X</controlfield>
    <controlfield tag="005" >20161018175629.0</controlfield>
    <controlfield tag="008" >931025s1552    sp            ||| | spa d</controlfield>
    <datafield tag="035" ind1=" " ind2=" " >
        <subfield code="a" >0100016912 </subfield>
        <subfield code="z" >CCPB000004517-9 </subfield>
        <subfield code="z" >0100055503</subfield>
    </datafield>
    <datafield tag="040" ind1=" " ind2=" " >
        <subfield code="a" >CCPB </subfield>
        <subfield code="b" >spa </subfield>
        <subfield code="c" >CCPB </subfield>
        <subfield code="e" >rdc</subfield>
    </datafield>
    <datafield tag="100" ind1="1" ind2=" " >
        <subfield code="a" >Casas, Bartolomé de las </subfield>
        <subfield code="c" >(O.P.) (</subfield>
        <subfield code="d" >1474-1566)</subfield>
    </datafield>
    <datafield tag="245" ind1="1" ind2="0" >
        <subfield code="a" >Breuissima relacion de la destruycion de las indias / </subfield>
        <subfield code="c" >colegida por el Obispo d¯o fray Bartolome de las Casas o Casaus de la Orden de S¯acto Domingo.</subfield>
    </datafield>
    <datafield tag="260" ind1=" " ind2=" " >
        <subfield code="a" >Fue impressa... en... Seuilla : </subfield>
        <subfield code="b" >en casa de Sebastian Trugillo ...,</subfield>
        <subfield code="c" >1552.</subfield>
    </datafield>
    <datafield tag="300" ind1=" " ind2=" " >
        <subfield code="a" >[54] h. ; </subfield>
        <subfield code="c" >4º.</subfield>
    </datafield>
    <datafield tag="505" ind1="2" ind2=" " >
        <subfield code="a" >En h. [51] r. comienza : &quot;Lo que se sigue es vn pedaço de vna carta y relacion que escriuio cierto hombre ... refiri¯edo las obras que hazia [y] consentia hazer el capit¯a por la tierra que ¯adaua ...&quot;</subfield>
    </datafield>
    <datafield tag="510" ind1="4" ind2=" " >
        <subfield code="a" >CCBE S. XVI, </subfield>
        <subfield code="c" >C, 886</subfield>
    </datafield>
    <datafield tag="510" ind1="4" ind2=" " >
        <subfield code="a" >Escudero, </subfield>
        <subfield code="c" >542</subfield>
    </datafield>
    <datafield tag="533" ind1=" " ind2=" " >
        <subfield code="a" >Copia digital : </subfield>
        <subfield code="c" >Universitat de Valencia, RODERIC.</subfield>
    </datafield>
    <datafield tag="533" ind1=" " ind2=" " >
        <subfield code="a" >Copia digital : </subfield>
        <subfield code="c" >Universidad de Valladolid.</subfield>
    </datafield>
    <datafield tag="533" ind1=" " ind2=" " >
        <subfield code="a" >Copia digital : </subfield>
        <subfield code="c" >Universidad de Salamanca, Gredos.</subfield>
    </datafield>
    <datafield tag="596" ind1=" " ind2=" " >
        <subfield code="a" >Pie de imprenta tomado de colofón, en h. [50] r.: &quot;Fue impressa la presente obra en la muy noble [y] muy leal ciudad de Seuilla en casa de Sebastian Trugillo impressor de libros ... Año de M.D.Lij.&quot;</subfield>
    </datafield>
    <datafield tag="597" ind1=" " ind2=" " >
        <subfield code="a" >Sign.: a-e8, f10, g4.</subfield>
    </datafield>
    <datafield tag="597" ind1=" " ind2=" " >
        <subfield code="a" >Portada orlada a dos tintas con escudo xilográfico imperial.</subfield>
    </datafield>
    <datafield tag="597" ind1=" " ind2=" " >
        <subfield code="a" >Letra gótica.</subfield>
    </datafield>
    <datafield tag="650" ind1=" " ind2="4" >
        <subfield code="a" >Colonización-</subfield>
        <subfield code="x" >Defensa de los Indios-</subfield>
        <subfield code="y" >S. XVI.</subfield>
    </datafield>
    <datafield tag="700" ind1="1" ind2=" " >
        <subfield code="a" >Trujillo, Sebastián, </subfield>
        <subfield code="e" >imp.</subfield>
    </datafield>
    <datafield tag="752" ind1=" " ind2=" " >
        <subfield code="a" >España - </subfield>
        <subfield code="d" >Sevilla.</subfield>
    </datafield>
</record>