
<record xmlns="http://www.loc.gov/MARC21/slim" xmlns:xsi="http://www.w3.org/2001/XMLSchema-instance" xsi:schemaLocation="http://www.loc.gov/MARC21/slim http://www.loc.gov/standards/marcxml/schema/MARC21slim.xsd" type="Bibliographic" >
    <leader>00000cam  22000005i 4500</leader>
    <controlfield tag="001" >CCPB000795001-2</controlfield>
    <controlfield tag="005" >20161017143302.0</controlfield>
    <controlfield tag="008" >060125s1552    sp            ||| | spa d</controlfield>
    <datafield tag="040" ind1=" " ind2=" " >
        <subfield code="a" >CCPB-B </subfield>
        <subfield code="b" >spa </subfield>
        <subfield code="c" >CCPB-B </subfield>
        <subfield code="e" >rdc</subfield>
    </datafield>
    <datafield tag="100" ind1="1" ind2=" " >
        <subfield code="a" >Casas, Bartolomé de las </subfield>
        <subfield code="c" >(O.P.) (</subfield>
        <subfield code="d" >1474-1566)</subfield>
    </datafield>
    <datafield tag="245" ind1="1" ind2="0" >
        <subfield code="a" >Brevissima relacion de la destruycion de las Indias / </subfield>
        <subfield code="c" >colegida por el Obispo don Fray Bartolome de las Casas, ò Casaus, de la Orden de Santo Domingo.</subfield>
    </datafield>
    <datafield tag="260" ind1=" " ind2=" " >
        <subfield code="a" >Fue impressa... en... Seuilla : </subfield>
        <subfield code="b" >en casa de Sebastian Trugillo...,</subfield>
        <subfield code="c" >1552.</subfield>
    </datafield>
    <datafield tag="300" ind1=" " ind2=" " >
        <subfield code="a" >214 h. ; </subfield>
        <subfield code="c" >8º.</subfield>
    </datafield>
    <datafield tag="500" ind1=" " ind2=" " >
        <subfield code="a" >Según Francisco Escudero (Tipografía Hispalense: anales bibliográficos de la ciudad de Sevilla desde el establecimiento de la imprenta hasta fines del siglo XVIII) se trata de una edición apócrifa, hecha con mucha posterioridad a 1552 que por sus caracteres y condiciones tipográficas debió ser impresa en Barcelona y no en Sevilla como figura en sus colofones.</subfield>
    </datafield>
    <datafield tag="505" ind1="2" ind2=" " >
        <subfield code="a" >Contiene: Aquí se contienen treynta proposiciones muy jurídicas, en las quales sumaria y sucintamente se tocan muchas cosas pertenecie[n]tes al derecho que la Iglesia y los Principes Christianos tienen ò pueden tener sobre los infieles ... entre h. 51-60 y colofón en v. de h. 60: Impresso en Seuilla, en casa de Sebastián Trugillo, 1552. Aqui se contiene vna disputa o controuersia entre ... fray Bartolome de las Casas ò Casaus ... y el doctor Gines de Sepulueda ... entre h. 61-121 y colofón en h. 121 v:  Impressa ... en ... Seuilla, en casa de Sebastián Trugillo..., 1552. Este es vn tratado que ... fray Bartholome de las Casas ò Casaus compuso por comission del Consejo Real de las Indias sobre la materia de los indios que se han hecho en ellas esclauos ... entre h. 122-157 y colofón en h. 157 r.:  fue impressa... en Seuilla, en casa de Sebastian Truxillo, 1552. Entre los remedios que don fray Bartholome de las Casas ... refirio ... en los ayuntamientos que mandò hazer su magestad de prelados y letrados y personas grandes en Valladolid el año de mil è quinientos y quarenta y dos para reformacion de las Indias ... en h. 158-214</subfield>
    </datafield>
    <datafield tag="510" ind1="4" ind2=" " >
        <subfield code="a" >Escudero, </subfield>
        <subfield code="c" >542</subfield>
    </datafield>
    <datafield tag="533" ind1=" " ind2=" " >
        <subfield code="a" >Copia digital. : </subfield>
        <subfield code="c" >Biblioteca Digital del Senado.</subfield>
    </datafield>
    <datafield tag="594" ind1=" " ind2=" " >
        <subfield code="a" >Se ha respetado la puntuación original.</subfield>
    </datafield>
    <datafield tag="596" ind1=" " ind2=" " >
        <subfield code="a" >Cada obra con colofón propio.</subfield>
    </datafield>
    <datafield tag="597" ind1=" " ind2=" " >
        <subfield code="a" >Sign.: A-Z8, 2A-2C8, 3D6.</subfield>
    </datafield>
    <datafield tag="597" ind1=" " ind2=" " >
        <subfield code="a" >Portada con orla tipográfica y viñeta xilográfica.</subfield>
    </datafield>
    <datafield tag="597" ind1=" " ind2=" " >
        <subfield code="a" >Cada obra con portadilla con orla tipográfica propia.</subfield>
    </datafield>
    <datafield tag="650" ind1=" " ind2="4" >
        <subfield code="a" >Pueblos indígenas-</subfield>
        <subfield code="z" >América.</subfield>
    </datafield>
    <datafield tag="651" ind1=" " ind2="4" >
        <subfield code="a" >America española-</subfield>
        <subfield code="x" >Historia-</subfield>
        <subfield code="x" >Descubrimiento y conquista.</subfield>
    </datafield>
    <datafield tag="700" ind1="1" ind2=" " >
        <subfield code="a" >Trujillo, Sebastián, </subfield>
        <subfield code="e" >impresor.</subfield>
    </datafield>
    <datafield tag="740" ind1="0" ind2=" " >
        <subfield code="a" >Aquí se contienen treynta proposiciones muy jurídicas, en las quales sumaria y sucintamente se tocan muchas cosas pertenecientes al derecho que la Iglesia y los Principes Christianos tienen ò pueden tener sobre los infieles.</subfield>
    </datafield>
    <datafield tag="740" ind1="0" ind2=" " >
        <subfield code="a" >Aqui se contiene una disputa o controversia entre ... fray Bartolome de las Casas ò Casaus ... y el doctor Gines de Sepulveda ...</subfield>
    </datafield>
    <datafield tag="740" ind1="0" ind2=" " >
        <subfield code="a" >Este es un tratado que ... fray Bartolome de las Casas ò Casaus compuso por comission del Consejo Real de las Indias sobre la materia de los indios que se han hecho en ellas esclavos.</subfield>
    </datafield>
    <datafield tag="740" ind1="0" ind2=" " >
        <subfield code="a" >Entre los remedios que don fray Bartolome de las Casas ... refirio ... en los ayuntamientos que mandò hazer su magestad de prelados y letrados y personas grandes en Valladolid el año de mil è quinientos y quarenta y dos para reformacion de las Indias.</subfield>
    </datafield>
    <datafield tag="752" ind1=" " ind2=" " >
        <subfield code="a" >España - </subfield>
        <subfield code="d" >Sevilla.</subfield>
    </datafield>
</record>