
<record xmlns="http://www.loc.gov/MARC21/slim" xmlns:xsi="http://www.w3.org/2001/XMLSchema-instance" xsi:schemaLocation="http://www.loc.gov/MARC21/slim http://www.loc.gov/standards/marcxml/schema/MARC21slim.xsd" type="Bibliographic" >
    <leader>00000nam  22000005i 4500</leader>
    <controlfield tag="001" >CCPB001006377-3</controlfield>
    <controlfield tag="005" >20200617171108.0</controlfield>
    <controlfield tag="008" >081228s1646    sp     |||||||||||||spa d</controlfield>
    <datafield tag="040" ind1=" " ind2=" " >
        <subfield code="a" >AS </subfield>
        <subfield code="b" >spa </subfield>
        <subfield code="c" >AS </subfield>
        <subfield code="e" >rdc</subfield>
    </datafield>
    <datafield tag="100" ind1="1" ind2=" " >
        <subfield code="a" >Casas, Bartolomé de las </subfield>
        <subfield code="c" >(O.P.) (</subfield>
        <subfield code="d" >1474-1566)</subfield>
    </datafield>
    <datafield tag="245" ind1="1" ind2="0" >
        <subfield code="a" >Brevissima relacion de la destruycion de las Indias / </subfield>
        <subfield code="c" >colegiada por Fray Bartolome de las Casas.</subfield>
    </datafield>
    <datafield tag="260" ind1=" " ind2=" " >
        <subfield code="a" >Barcelona : </subfield>
        <subfield code="b" >En Casa de Antonio Lacanalleria, </subfield>
        <subfield code="c" >1646.</subfield>
    </datafield>
    <datafield tag="300" ind1=" " ind2=" " >
        <subfield code="a" >214 p. ; </subfield>
        <subfield code="c" >8º (21 cm)</subfield>
    </datafield>
    <datafield tag="597" ind1=" " ind2=" " >
        <subfield code="a" >Port. orlada.</subfield>
    </datafield>
    <datafield tag="650" ind1=" " ind2="4" >
        <subfield code="a" >Indios Americanos.</subfield>
    </datafield>
    <datafield tag="651" ind1=" " ind2=" " >
        <subfield code="a" >América española.</subfield>
    </datafield>
    <datafield tag="700" ind1="1" ind2=" " >
        <subfield code="a" >Lacanalleria, Antonio, </subfield>
        <subfield code="e" >imp.</subfield>
    </datafield>
    <datafield tag="752" ind1=" " ind2=" " >
        <subfield code="a" >España - </subfield>
        <subfield code="d" >Barcelona</subfield>
    </datafield>
</record>