
<record xmlns="http://www.loc.gov/MARC21/slim" xmlns:xsi="http://www.w3.org/2001/XMLSchema-instance" xsi:schemaLocation="http://www.loc.gov/MARC21/slim http://www.loc.gov/standards/marcxml/schema/MARC21slim.xsd" type="Bibliographic" >
    <leader>00000nam  22000005i 4500</leader>
    <controlfield tag="001" >CCPB000038826-2</controlfield>
    <controlfield tag="005" >20121009014149.0</controlfield>
    <controlfield tag="008" >931025s1644    it            ||| | ita d</controlfield>
    <datafield tag="035" ind1=" " ind2=" " >
        <subfield code="a" >0100030380</subfield>
    </datafield>
    <datafield tag="040" ind1=" " ind2=" " >
        <subfield code="a" >PAB </subfield>
        <subfield code="b" >spa </subfield>
        <subfield code="e" >rdc</subfield>
    </datafield>
    <datafield tag="041" ind1="0" ind2=" " >
        <subfield code="a" >ita</subfield>
        <subfield code="a" >spa</subfield>
    </datafield>
    <datafield tag="100" ind1="1" ind2=" " >
        <subfield code="a" >Casas, Bartolomé de las </subfield>
        <subfield code="c" >(O.P.) (</subfield>
        <subfield code="d" >1474-1566)</subfield>
    </datafield>
    <datafield tag="240" ind1="0" ind2="0" >
        <subfield code="a" >Obras 2</subfield>
    </datafield>
    <datafield tag="245" ind1="1" ind2="0" >
        <subfield code="a" >Conquista dell&#39; Indie occidentali / </subfield>
        <subfield code="c" >di ... Fra Bartolomeo dalle Case ò Casaus ... Vescouo di Chiapa ; tradotta in italiano per opera di Marco Ginammi.</subfield>
    </datafield>
    <datafield tag="260" ind1=" " ind2=" " >
        <subfield code="a" >In Venetia : </subfield>
        <subfield code="b" >presso Marco Ginammi, </subfield>
        <subfield code="c" >1644.</subfield>
    </datafield>
    <datafield tag="300" ind1=" " ind2=" " >
        <subfield code="a" >184 p. ; </subfield>
        <subfield code="c" >4º.</subfield>
    </datafield>
    <datafield tag="594" ind1=" " ind2=" " >
        <subfield code="a" >Texto paralelo en italiano y español.</subfield>
    </datafield>
    <datafield tag="595" ind1=" " ind2=" " >
        <subfield code="a" >Existe emisión con pie de imp.: In Venetia: presso Marco Gianammi, 1645.</subfield>
    </datafield>
    <datafield tag="596" ind1=" " ind2=" " >
        <subfield code="a" >Marca de imp. en port.</subfield>
    </datafield>
    <datafield tag="597" ind1=" " ind2=" " >
        <subfield code="a" >Sign.: A4, b-c8, D-M8.</subfield>
    </datafield>
    <datafield tag="597" ind1=" " ind2=" " >
        <subfield code="a" >Texto a dos col.</subfield>
    </datafield>
    <datafield tag="650" ind1=" " ind2="4" >
        <subfield code="a" >América Hispana-</subfield>
        <subfield code="x" >Descubrimientos geográficos: Descubrimiento y conquista.</subfield>
    </datafield>
    <datafield tag="700" ind1="1" ind2=" " >
        <subfield code="a" >Ginammi, Marco, </subfield>
        <subfield code="e" >trad.</subfield>
    </datafield>
    <datafield tag="700" ind1="1" ind2=" " >
        <subfield code="a" >Ginammi, Marco, </subfield>
        <subfield code="e" >imp.</subfield>
    </datafield>
    <datafield tag="752" ind1=" " ind2=" " >
        <subfield code="a" >Italia - </subfield>
        <subfield code="d" >Venecia</subfield>
    </datafield>
</record>