
<record xmlns="http://www.loc.gov/MARC21/slim" xmlns:xsi="http://www.w3.org/2001/XMLSchema-instance" xsi:schemaLocation="http://www.loc.gov/MARC21/slim http://www.loc.gov/standards/marcxml/schema/MARC21slim.xsd" type="Bibliographic" >
    <leader>00000nam a2200000 i 4500</leader>
    <controlfield tag="001" >CCPB001323657-1</controlfield>
    <controlfield tag="005" >20200617171634.0</controlfield>
    <controlfield tag="008" >140923s1625    gw     |||   ||0| 0 lat d</controlfield>
    <datafield tag="035" ind1=" " ind2=" " >
        <subfield code="a" >(M-BN)a5541804</subfield>
    </datafield>
    <datafield tag="040" ind1=" " ind2=" " >
        <subfield code="a" >M-BN </subfield>
        <subfield code="b" >spa </subfield>
        <subfield code="c" >M-BN </subfield>
        <subfield code="e" >rdc</subfield>
    </datafield>
    <datafield tag="100" ind1="1" ind2=" " >
        <subfield code="a" >Casas, Bartolomé de las </subfield>
        <subfield code="c" >(O.P.) (</subfield>
        <subfield code="d" >1474-1566)</subfield>
    </datafield>
    <datafield tag="245" ind1="0" ind2="0" >
        <subfield code="a" >D. Bartholomaei De Las Casas, episcopi Chiapensis ... Erudita &amp; elegans explicatio quaestionis : </subfield>
        <subfield code="b" >utrum reges vel principes, jure aliquo vel titulo, &amp; salua conscientia, ciues ac subditos a regia corona alienare, &amp; alterius domini particularis ditioni subjicere possint? ... /</subfield>
        <subfield code="c" >Edita quondam cura &amp; studio Wolfgangi Griestetteri. Nunc vero multo correctius recusa, curante Jacobo Kyllingero jc. ... Accessit tractatus Guilielmi de Monserrat, De successione regum.</subfield>
    </datafield>
    <datafield tag="246" ind1="3" ind2=" " >
        <subfield code="a" >Erudita &amp; elegans explicatio quaestionis: utrùm reges vel principes jure aliquo vel titulo, &amp; salvâ conscientiâ, cives ac subditos à regiâ coronâ alienare &amp; alterius domini particularis ditioni subjicere possint?</subfield>
    </datafield>
    <datafield tag="260" ind1=" " ind2=" " >
        <subfield code="a" >Tubingae : </subfield>
        <subfield code="b" >ex officina typographica Eberhardi Wildii, </subfield>
        <subfield code="c" >1625.</subfield>
    </datafield>
    <datafield tag="300" ind1=" " ind2=" " >
        <subfield code="a" >47 p., [1] en bl. ; 75 p., [1] en bl. ; </subfield>
        <subfield code="c" >4º.</subfield>
    </datafield>
    <datafield tag="505" ind1="8" ind2=" " >
        <subfield code="a" >Contiene: Guilielmi de Monserrat Catalani j.u. interpretis acutissimi Tractatus de successione regum et praecipue Galliae / editus curante Christophoro Besoldo</subfield>
    </datafield>
    <datafield tag="597" ind1=" " ind2=" " >
        <subfield code="a" >Sign.: A-F4 ; A-I4, K2.</subfield>
    </datafield>
    <datafield tag="597" ind1=" " ind2=" " >
        <subfield code="a" >Segunda parte de la obra con portada, paginación y signatura propias.</subfield>
    </datafield>
    <datafield tag="650" ind1=" " ind2="4" >
        <subfield code="a" >Herencias y sucesiones.</subfield>
    </datafield>
    <datafield tag="700" ind1="1" ind2=" " >
        <subfield code="a" >Wild, Eberhard, </subfield>
        <subfield code="e" >impresor.</subfield>
    </datafield>
    <datafield tag="700" ind1="1" ind2=" " >
        <subfield code="a" >Griesstetter, Wolfgang, </subfield>
        <subfield code="e" >editor literario.</subfield>
    </datafield>
    <datafield tag="700" ind1="1" ind2=" " >
        <subfield code="a" >Kyllinger, Jakob Werner, </subfield>
        <subfield code="e" >corrector.</subfield>
    </datafield>
    <datafield tag="740" ind1="0" ind2="2" >
        <subfield code="a" >Guilielmi de Monserrat Catalani j.u. interpretis acutissimi Tractatus de successione regum et praecipue Galliae.</subfield>
    </datafield>
    <datafield tag="752" ind1=" " ind2=" " >
        <subfield code="a" >Alemania - </subfield>
        <subfield code="d" >Tubinga.</subfield>
    </datafield>
</record>