
<record xmlns="http://www.loc.gov/MARC21/slim" xmlns:xsi="http://www.w3.org/2001/XMLSchema-instance" xsi:schemaLocation="http://www.loc.gov/MARC21/slim http://www.loc.gov/standards/marcxml/schema/MARC21slim.xsd" type="Bibliographic" >
    <leader>00000nam  22000005i 4500</leader>
    <controlfield tag="001" >CCPB000851050-4</controlfield>
    <controlfield tag="005" >20130506003057.0</controlfield>
    <controlfield tag="008" >010618s1571    gw a          ||| | lat d</controlfield>
    <datafield tag="026" ind1=" " ind2=" " >
        <subfield code="e" >s,e- cal- o-,&amp; tira(3) 1571 R</subfield>
    </datafield>
    <datafield tag="035" ind1=" " ind2=" " >
        <subfield code="a" >(CAT)0092-28160</subfield>
    </datafield>
    <datafield tag="040" ind1=" " ind2=" " >
        <subfield code="a" >CAT </subfield>
        <subfield code="b" >spa </subfield>
        <subfield code="c" >CAT </subfield>
        <subfield code="d" >CCPB </subfield>
        <subfield code="e" >rdc</subfield>
    </datafield>
    <datafield tag="080" ind1=" " ind2=" " >
        <subfield code="a" >341</subfield>
    </datafield>
    <datafield tag="100" ind1="1" ind2=" " >
        <subfield code="a" >Casas, Bartolomé de las </subfield>
        <subfield code="c" >(O.P.) (</subfield>
        <subfield code="d" >1474-1566)</subfield>
    </datafield>
    <datafield tag="245" ind1="1" ind2="0" >
        <subfield code="a" >D. Bartholomaei de las Casas ... Erudita &amp; elegans explicatio quaestionis vtrum reges vel principes iure aliquo vel titulo &amp; salua conscientia, ciues ac subditos à regia corona alienare &amp; alterius domini particularis ditioni subijcere posint? </subfield>
        <subfield code="b" >: antehac nunquam ab vllo doctorum ita lucutenter tractata / </subfield>
        <subfield code="c" >edita cura studio Vuolffgangi Griestetteri.</subfield>
    </datafield>
    <datafield tag="260" ind1=" " ind2=" " >
        <subfield code="a" >Francofvrti ad Moenvm : </subfield>
        <subfield code="b" >apvd Geordivm Coruinum, impensis Hieronymi Feyerabend, </subfield>
        <subfield code="c" >1571.</subfield>
    </datafield>
    <datafield tag="300" ind1=" " ind2=" " >
        <subfield code="a" >[8], 67, [1] p. ; </subfield>
        <subfield code="c" >4º (20 cm)</subfield>
    </datafield>
    <datafield tag="510" ind1="4" ind2=" " >
        <subfield code="a" >BLC 55-249, NC 0180155</subfield>
    </datafield>
    <datafield tag="596" ind1=" " ind2=" " >
        <subfield code="a" >Mención de imp. al final de la obra.</subfield>
    </datafield>
    <datafield tag="596" ind1=" " ind2=" " >
        <subfield code="a" >Marca del imp. en port.</subfield>
    </datafield>
    <datafield tag="597" ind1=" " ind2=" " >
        <subfield code="a" >Vº de la última h. en blanco.</subfield>
    </datafield>
    <datafield tag="597" ind1=" " ind2=" " >
        <subfield code="a" >Sign.: A-I4, K2.</subfield>
    </datafield>
    <datafield tag="597" ind1=" " ind2=" " >
        <subfield code="a" >29 lín. y reclamos.</subfield>
    </datafield>
    <datafield tag="597" ind1=" " ind2=" " >
        <subfield code="a" >Cap. y otra orn.</subfield>
    </datafield>
    <datafield tag="650" ind1=" " ind2="4" >
        <subfield code="a" >Derecho Internacional.</subfield>
    </datafield>
    <datafield tag="700" ind1="1" ind2=" " >
        <subfield code="a" >Griestetter, Wolfgang, </subfield>
        <subfield code="e" >ed. lit.</subfield>
    </datafield>
    <datafield tag="700" ind1="1" ind2=" " >
        <subfield code="a" >Rab, Georg (</subfield>
        <subfield code="d" >m. 1580), </subfield>
        <subfield code="e" >imp.</subfield>
    </datafield>
    <datafield tag="700" ind1="1" ind2=" " >
        <subfield code="a" >Feyerabend, Hieronymus, </subfield>
        <subfield code="e" >ed.</subfield>
    </datafield>
    <datafield tag="740" ind1="0" ind2=" " >
        <subfield code="a" >Erudita &amp; elegans explicatio quaestionis vtrum reges vel principes.</subfield>
    </datafield>
    <datafield tag="752" ind1=" " ind2=" " >
        <subfield code="a" >Alemania - </subfield>
        <subfield code="d" >Frankfurt</subfield>
    </datafield>
</record>