
<record xmlns="http://www.loc.gov/MARC21/slim" xmlns:xsi="http://www.w3.org/2001/XMLSchema-instance" xsi:schemaLocation="http://www.loc.gov/MARC21/slim http://www.loc.gov/standards/marcxml/schema/MARC21slim.xsd" type="Bibliographic" >
    <leader>00000cam a2200000 i 4500</leader>
    <controlfield tag="001" >CCPB001315842-2</controlfield>
    <controlfield tag="005" >20200617171626.0</controlfield>
    <controlfield tag="008" >950111s1621    ne           |||| ||dut d</controlfield>
    <datafield tag="035" ind1=" " ind2=" " >
        <subfield code="a" >(M-BN)bima0000012869</subfield>
    </datafield>
    <datafield tag="040" ind1=" " ind2=" " >
        <subfield code="a" >M-BN </subfield>
        <subfield code="b" >spa </subfield>
        <subfield code="c" >M-BN </subfield>
        <subfield code="d" >CCPB </subfield>
        <subfield code="e" >rdc</subfield>
    </datafield>
    <datafield tag="100" ind1="1" ind2=" " >
        <subfield code="a" >Casas, Bartolomé de las </subfield>
        <subfield code="c" >(O.P.) (</subfield>
        <subfield code="d" >1474-1566)</subfield>
    </datafield>
    <datafield tag="245" ind1="1" ind2="0" >
        <subfield code="a" >Den Vermeerderden Spieghel der Spaensche tierannije geschiet in Westindien waerin te sien is de onmenschelijcke wreede feijten der Spanjarden met samen, de beschrijvinge der Selver lant en volcken aert en nature, allen vaderlant lieuende en vrome voorstaders ten exempel voor gesteltoorder / </subfield>
        <subfield code="c" >in spans beschieven door den E. bischop don fray Bartholome de las Casas van S. Dominicus oorder [sic].</subfield>
    </datafield>
    <datafield tag="260" ind1=" " ind2=" " >
        <subfield code="a" >Gedruckt tot Amsterdam : </subfield>
        <subfield code="b" >by Cornelis Lodewijcksz vander Plase ...,</subfield>
        <subfield code="c" >1621.</subfield>
    </datafield>
    <datafield tag="300" ind1=" " ind2=" " >
        <subfield code="a" >[51] h. : </subfield>
        <subfield code="b" >il. ; </subfield>
        <subfield code="c" >4º.</subfield>
    </datafield>
    <datafield tag="597" ind1=" " ind2=" " >
        <subfield code="a" >Sign.: A8, A-M4.</subfield>
    </datafield>
    <datafield tag="597" ind1=" " ind2=" " >
        <subfield code="a" >Texto con apostillas marginales e inicial grabada.</subfield>
    </datafield>
    <datafield tag="599" ind1=" " ind2=" " >
        <subfield code="a" >Contiene 17 grabados calcográficos intercalados en el texto con escenas alusivas a éste.</subfield>
    </datafield>
    <datafield tag="599" ind1=" " ind2=" " >
        <subfield code="a" >Portada frontispicia con grabado calcográfico alegórico.</subfield>
    </datafield>
    <datafield tag="650" ind1=" " ind2="4" >
        <subfield code="a" >Indios de América-</subfield>
        <subfield code="x" >Trato recibido.</subfield>
    </datafield>
    <datafield tag="651" ind1=" " ind2="4" >
        <subfield code="a" >América Española-</subfield>
        <subfield code="x" >Historia-</subfield>
        <subfield code="y" >1492-1600 (Descubrimiento y Conquista)</subfield>
    </datafield>
    <datafield tag="700" ind1="1" ind2=" " >
        <subfield code="a" >Lodewijcksz, Cornelio.</subfield>
    </datafield>
    <datafield tag="752" ind1=" " ind2=" " >
        <subfield code="a" >Holanda - </subfield>
        <subfield code="d" >Amsterdam.</subfield>
    </datafield>
</record>