
<record xmlns="http://www.loc.gov/MARC21/slim" xmlns:xsi="http://www.w3.org/2001/XMLSchema-instance" xsi:schemaLocation="http://www.loc.gov/MARC21/slim http://www.loc.gov/standards/marcxml/schema/MARC21slim.xsd" type="Bibliographic" >
    <leader>00000nam  22000005i 4500</leader>
    <controlfield tag="001" >CCPB000000042-6</controlfield>
    <controlfield tag="005" >20161017182010.0</controlfield>
    <controlfield tag="008" >931025s1552    sp            ||| | spa d</controlfield>
    <datafield tag="035" ind1=" " ind2=" " >
        <subfield code="a" >0100016914 </subfield>
        <subfield code="z" >CCPB000004519-5 </subfield>
        <subfield code="z" >0100055505 </subfield>
        <subfield code="z" >CCPB000004518-7</subfield>
        <subfield code="z" >0100055504</subfield>
        <subfield code="z" >CCPB001100651-X</subfield>
    </datafield>
    <datafield tag="040" ind1=" " ind2=" " >
        <subfield code="e" >rdc</subfield>
    </datafield>
    <datafield tag="100" ind1="1" ind2=" " >
        <subfield code="a" >Casas, Bartolomé de las </subfield>
        <subfield code="c" >(O.P.) (</subfield>
        <subfield code="d" >1474-1566)</subfield>
    </datafield>
    <datafield tag="245" ind1="1" ind2="0" >
        <subfield code="a" >Entre los remedios ¯q d¯o fray Bartolome delas casas obispo d[e] la ciudad real de Chiapa refirio ... en los ayuntami¯etos ¯q m¯ado hazer su magestad de perlados [sic] y letrados y personas gr¯ades en Valladolid el año de mill [e] quini¯etos y quar¯eta y dos para reformaci¯o delas Yndias, el octauo en ord¯e es ... d¯ode se asign¯a veynte razones por las q[ua]les prueua no deuerse dar los indios a los españoles en encomi¯eda, ni en feudo, ni en vasallaje ni d[e] otra manera algu[n]a...</subfield>
    </datafield>
    <datafield tag="260" ind1=" " ind2=" " >
        <subfield code="a" >Fue impressa... en ... Seuilla : </subfield>
        <subfield code="b" >en las casas de Iacome Cr¯oberger,</subfield>
        <subfield code="c" >1552.</subfield>
    </datafield>
    <datafield tag="300" ind1=" " ind2=" " >
        <subfield code="a" >[53] h., [1] h. en bl. ; </subfield>
        <subfield code="c" >4º.</subfield>
    </datafield>
    <datafield tag="510" ind1="4" ind2=" " >
        <subfield code="a" >CCBE S. XVI, </subfield>
        <subfield code="c" >C, 887 (error) y 888</subfield>
    </datafield>
    <datafield tag="510" ind1="4" ind2=" " >
        <subfield code="a" >Escudero, </subfield>
        <subfield code="c" >542</subfield>
    </datafield>
    <datafield tag="533" ind1=" " ind2=" " >
        <subfield code="a" >Copia digital : </subfield>
        <subfield code="c" >Universitat de Valencia, RODERIC.</subfield>
    </datafield>
    <datafield tag="533" ind1=" " ind2=" " >
        <subfield code="a" >Copia digital : </subfield>
        <subfield code="c" >Universidad de Valladolid.</subfield>
    </datafield>
    <datafield tag="533" ind1=" " ind2=" " >
        <subfield code="a" >Copia digital : </subfield>
        <subfield code="c" >Universidad de Salamanca, Gredos.</subfield>
    </datafield>
    <datafield tag="596" ind1=" " ind2=" " >
        <subfield code="a" >Pie de imprenta tomado de colofón: &quot;Fue impressa la presente obra en la muy noble y opulentissima y muy leal ciudad de Seuilla/ en las casas de lacome Cr¯oberger. Acabose a diez [y] siete dias del mes de Agosto/ año de mill [y] quinientos [y] cinquenta y dos años&quot;</subfield>
    </datafield>
    <datafield tag="597" ind1=" " ind2=" " >
        <subfield code="a" >Sign.: a-f8, g6.</subfield>
    </datafield>
    <datafield tag="597" ind1=" " ind2=" " >
        <subfield code="a" >Portada orlada a dos tintas.</subfield>
    </datafield>
    <datafield tag="597" ind1=" " ind2=" " >
        <subfield code="a" >Letra gótica.</subfield>
    </datafield>
    <datafield tag="650" ind1=" " ind2="4" >
        <subfield code="a" >Colonización-</subfield>
        <subfield code="x" >Defensa de los Indios-</subfield>
        <subfield code="y" >S. XVI.</subfield>
    </datafield>
    <datafield tag="651" ind1=" " ind2="4" >
        <subfield code="a" >America española-</subfield>
        <subfield code="x" >Historia-</subfield>
        <subfield code="x" >Descubrimiento y conquista.</subfield>
    </datafield>
    <datafield tag="700" ind1="1" ind2=" " >
        <subfield code="a" >Cromberger, Jácome, </subfield>
        <subfield code="e" >impresor.</subfield>
    </datafield>
    <datafield tag="740" ind1="0" ind2=" " >
        <subfield code="a" >Entre los remedios que don fray Bartolome de las Casas, Obispo de la ciudad real de Chiapas refirio... en los ayuntamientos que mando hazer su magestad de prelados y letrados y personas grandes de Valladolid el año de mil quinientos y cuarenta y dos para reformacion de las Indias.</subfield>
    </datafield>
    <datafield tag="752" ind1=" " ind2=" " >
        <subfield code="a" >España - </subfield>
        <subfield code="d" >Sevilla.</subfield>
    </datafield>
</record>