
<record xmlns="http://www.loc.gov/MARC21/slim" xmlns:xsi="http://www.w3.org/2001/XMLSchema-instance" xsi:schemaLocation="http://www.loc.gov/MARC21/slim http://www.loc.gov/standards/marcxml/schema/MARC21slim.xsd" type="Bibliographic" >
    <leader>00000cam a22000005i 4500</leader>
    <controlfield tag="001" >CCPB001307659-0</controlfield>
    <controlfield tag="005" >20200617171618.0</controlfield>
    <controlfield tag="008" >991018s1642    fr           |||| ||fre d</controlfield>
    <datafield tag="035" ind1=" " ind2=" " >
        <subfield code="a" >(M-BN)bima0000014790</subfield>
    </datafield>
    <datafield tag="040" ind1=" " ind2=" " >
        <subfield code="a" >M-BN </subfield>
        <subfield code="b" >spa </subfield>
        <subfield code="c" >M-BN </subfield>
        <subfield code="d" >CCPB </subfield>
        <subfield code="e" >rdc</subfield>
    </datafield>
    <datafield tag="041" ind1="1" ind2=" " >
        <subfield code="a" >fre </subfield>
        <subfield code="h" >spa</subfield>
    </datafield>
    <datafield tag="100" ind1="1" ind2=" " >
        <subfield code="a" >Casas, Bartolomé de las </subfield>
        <subfield code="c" >(O.P.) (</subfield>
        <subfield code="d" >1474-1566)</subfield>
    </datafield>
    <datafield tag="245" ind1="1" ind2="0" >
        <subfield code="a" >Histoire des Indes Occidentales, ou l`on reconnoit la bontè de ces pais, [et] de leurs peuples; [et] les cruautez tyranniques des espagnols /</subfield>
        <subfield code="c" >déscrite premierement en langue castillane par Dom Barthelemy de las Casas, de l&#39;ordre de S. Dominiqie, [et] Euesque de Chappa ; [et] depuis fidellement traduite en françois.</subfield>
    </datafield>
    <datafield tag="260" ind1=" " ind2=" " >
        <subfield code="a" >A Lyon : </subfield>
        <subfield code="b" >chez Iean Caffin [et] F. Plaignard ..., </subfield>
        <subfield code="c" >1642.</subfield>
    </datafield>
    <datafield tag="300" ind1=" " ind2=" " >
        <subfield code="a" >[8], 299 p., [1] en bl. ; </subfield>
        <subfield code="c" >8º.</subfield>
    </datafield>
    <datafield tag="596" ind1=" " ind2=" " >
        <subfield code="a" >Marca tipográfica en portada.</subfield>
    </datafield>
    <datafield tag="597" ind1=" " ind2=" " >
        <subfield code="a" >Sign.: ã4, A-S8, T6.</subfield>
    </datafield>
    <datafield tag="597" ind1=" " ind2=" " >
        <subfield code="a" >Inicial grabada.</subfield>
    </datafield>
    <datafield tag="650" ind1=" " ind2="4" >
        <subfield code="a" >Indios de América-</subfield>
        <subfield code="x" >Trato recibido-</subfield>
        <subfield code="y" >S. XVI.</subfield>
    </datafield>
    <datafield tag="651" ind1=" " ind2="4" >
        <subfield code="a" >América española-</subfield>
        <subfield code="x" >Historia-</subfield>
        <subfield code="y" >1492-1600 (Descubrimiento y conquista)</subfield>
    </datafield>
    <datafield tag="700" ind1="1" ind2=" " >
        <subfield code="a" >Caffin, Jean, </subfield>
        <subfield code="e" >impresor.</subfield>
    </datafield>
    <datafield tag="700" ind1="1" ind2=" " >
        <subfield code="a" >Plaignard, François, </subfield>
        <subfield code="e" >impresor.</subfield>
    </datafield>
    <datafield tag="740" ind1="1" ind2=" " >
        <subfield code="a" >L`on reconnoit la bontè de ces pais, [et] de leurs peuples; [et] les cruautez tyranniques des espagnols.</subfield>
    </datafield>
    <datafield tag="752" ind1=" " ind2=" " >
        <subfield code="a" >Francia - </subfield>
        <subfield code="d" >Lyon.</subfield>
    </datafield>
</record>