
<record xmlns="http://www.loc.gov/MARC21/slim" xmlns:xsi="http://www.w3.org/2001/XMLSchema-instance" xsi:schemaLocation="http://www.loc.gov/MARC21/slim http://www.loc.gov/standards/marcxml/schema/MARC21slim.xsd" type="Bibliographic" >
    <leader>00000nam  22000005i 4500</leader>
    <controlfield tag="001" >CCPB000055881-8</controlfield>
    <controlfield tag="005" >20121009014149.0</controlfield>
    <controlfield tag="008" >931025s1653    it            ||| | ita d</controlfield>
    <datafield tag="035" ind1=" " ind2=" " >
        <subfield code="a" >0100155406</subfield>
    </datafield>
    <datafield tag="040" ind1=" " ind2=" " >
        <subfield code="a" >CAM </subfield>
        <subfield code="b" >spa </subfield>
        <subfield code="c" >PAB </subfield>
        <subfield code="e" >rdc</subfield>
    </datafield>
    <datafield tag="041" ind1="0" ind2=" " >
        <subfield code="a" >ita</subfield>
        <subfield code="a" >spa</subfield>
    </datafield>
    <datafield tag="100" ind1="1" ind2=" " >
        <subfield code="a" >Casas, Bartolomé de las </subfield>
        <subfield code="c" >(O.P.) (</subfield>
        <subfield code="d" >1474-1566)</subfield>
    </datafield>
    <datafield tag="245" ind1="1" ind2="0" >
        <subfield code="a" >Istoria ó b re]uissima relatione della distruttione dell&#39;Indie Occidentali / </subfield>
        <subfield code="c" >di... Don Bartolomeo dalle Case o Casaus... ; tradotta in italiano dall&#39;... Sig. Giacomo Castellani gia sotto rome di Francesco Bersabita.</subfield>
    </datafield>
    <datafield tag="260" ind1=" " ind2=" " >
        <subfield code="a" >Venetia : </subfield>
        <subfield code="b" >presso Marco Ginammi, </subfield>
        <subfield code="c" >1643.</subfield>
    </datafield>
    <datafield tag="300" ind1=" " ind2=" " >
        <subfield code="a" >3] h., 150 p. ; </subfield>
        <subfield code="c" >4º.</subfield>
    </datafield>
    <datafield tag="594" ind1=" " ind2=" " >
        <subfield code="a" >Texto paralelo italiano-español.</subfield>
    </datafield>
    <datafield tag="597" ind1=" " ind2=" " >
        <subfield code="a" >Sign. :  parágrafo]3, A-I8, K3.</subfield>
    </datafield>
    <datafield tag="597" ind1=" " ind2=" " >
        <subfield code="a" >Texto a dos col.</subfield>
    </datafield>
    <datafield tag="597" ind1=" " ind2=" " >
        <subfield code="a" >Port. con grab. xil.</subfield>
    </datafield>
    <datafield tag="650" ind1=" " ind2="4" >
        <subfield code="a" >Indias Occidentales-</subfield>
        <subfield code="x" >Historia.</subfield>
    </datafield>
    <datafield tag="700" ind1="1" ind2=" " >
        <subfield code="a" >Castellani, Giacomo, </subfield>
        <subfield code="e" >trad.</subfield>
    </datafield>
    <datafield tag="700" ind1="1" ind2=" " >
        <subfield code="a" >Ginami, Marco, </subfield>
        <subfield code="e" >imp.</subfield>
    </datafield>
    <datafield tag="752" ind1=" " ind2=" " >
        <subfield code="a" >Italia - </subfield>
        <subfield code="d" >Venecia</subfield>
    </datafield>
</record>