
<record xmlns="http://www.loc.gov/MARC21/slim" xmlns:xsi="http://www.w3.org/2001/XMLSchema-instance" xsi:schemaLocation="http://www.loc.gov/MARC21/slim http://www.loc.gov/standards/marcxml/schema/MARC21slim.xsd" type="Bibliographic" >
    <leader>00000cam  22000005i 4500</leader>
    <controlfield tag="001" >CCPB000038830-0</controlfield>
    <controlfield tag="005" >20201027091916.0</controlfield>
    <controlfield tag="008" >931025s1643    it            ||| | spa d</controlfield>
    <datafield tag="035" ind1=" " ind2=" " >
        <subfield code="a" >0100030384 </subfield>
        <subfield code="z" >CCPB000049965-X </subfield>
        <subfield code="z" >0100133516</subfield>
    </datafield>
    <datafield tag="040" ind1=" " ind2=" " >
        <subfield code="a" >M-BN </subfield>
        <subfield code="b" >spa </subfield>
        <subfield code="c" >M-BN </subfield>
        <subfield code="d" >CCPB </subfield>
        <subfield code="e" >rdc</subfield>
    </datafield>
    <datafield tag="041" ind1="0" ind2=" " >
        <subfield code="a" >ita </subfield>
        <subfield code="a" >spa</subfield>
    </datafield>
    <datafield tag="100" ind1="1" ind2=" " >
        <subfield code="a" >Casas, Bartolomé de las </subfield>
        <subfield code="c" >(O.P.) (</subfield>
        <subfield code="d" >1474-1566)</subfield>
    </datafield>
    <datafield tag="245" ind1="1" ind2="0" >
        <subfield code="a" >Istoria o Breuissima relatione della distruttione dell&#39; Indie Occidentali / </subfield>
        <subfield code="c" >di ... Don Bartolomeo dalle Case, ò Casaus ... dell&#39; Ordine de&#39; Predicatori [et] Vescouo di Chiapa ; conforme al suo vero originale spagnolo già stampato in Siuiglia tradotta in italiano dall&#39; ... sig. Giacomo Castellani già sotto nome di Francesco Bersabita ...; Al ... Sig. Nicolo Persico.</subfield>
    </datafield>
    <datafield tag="260" ind1=" " ind2=" " >
        <subfield code="a" >In Venetia : </subfield>
        <subfield code="b" >presso Marco Ginammi, </subfield>
        <subfield code="c" >1643.</subfield>
    </datafield>
    <datafield tag="300" ind1=" " ind2=" " >
        <subfield code="a" >[8], 150, [2] p. ; </subfield>
        <subfield code="c" >4º.</subfield>
    </datafield>
    <datafield tag="533" ind1=" " ind2=" " >
        <subfield code="a" >Copia digital : </subfield>
        <subfield code="c" >Biblioteca Digital Hispánica (Biblioteca Nacional de España)</subfield>
    </datafield>
    <datafield tag="533" ind1=" " ind2=" " >
        <subfield code="a" >Copia digital : </subfield>
        <subfield code="c" >Biblioteca Digital Lau Haizeetara : Bizkaiko Foru Liburutegia / Biblioteca Foral de Bizkaia.</subfield>
    </datafield>
    <datafield tag="594" ind1=" " ind2=" " >
        <subfield code="a" >Texto paralelo en italiano y español.</subfield>
    </datafield>
    <datafield tag="596" ind1=" " ind2=" " >
        <subfield code="a" >Marca tipográfica en portada.</subfield>
    </datafield>
    <datafield tag="597" ind1=" " ind2=" " >
        <subfield code="a" >Sign.: ¶4, A-I8, K4.</subfield>
    </datafield>
    <datafield tag="597" ind1=" " ind2=" " >
        <subfield code="a" >Texto a dos columnas.</subfield>
    </datafield>
    <datafield tag="597" ind1=" " ind2=" " >
        <subfield code="a" >Iniciales, frisos y remates xilográficos.</subfield>
    </datafield>
    <datafield tag="650" ind1=" " ind2="4" >
        <subfield code="a" >Indios de América-</subfield>
        <subfield code="x" >Trato recibido-</subfield>
        <subfield code="y" >S. XVI.</subfield>
    </datafield>
    <datafield tag="650" ind1=" " ind2="4" >
        <subfield code="a" >Misiones-</subfield>
        <subfield code="z" >América del Sur-</subfield>
        <subfield code="y" >S. XVI.</subfield>
    </datafield>
    <datafield tag="651" ind1=" " ind2="4" >
        <subfield code="a" >América española-</subfield>
        <subfield code="v" >Historia-</subfield>
        <subfield code="x" >Descubrimiento y conquista.</subfield>
    </datafield>
    <datafield tag="700" ind1="1" ind2=" " >
        <subfield code="a" >Castellani, Giacomo, </subfield>
        <subfield code="e" >traductor.</subfield>
    </datafield>
    <datafield tag="700" ind1="1" ind2=" " >
        <subfield code="a" >Ginammi, Marco, </subfield>
        <subfield code="e" >impresor.</subfield>
    </datafield>
    <datafield tag="752" ind1=" " ind2=" " >
        <subfield code="a" >Italia - </subfield>
        <subfield code="d" >Venecia.</subfield>
    </datafield>
</record>