
<record xmlns="http://www.loc.gov/MARC21/slim" xmlns:xsi="http://www.w3.org/2001/XMLSchema-instance" xsi:schemaLocation="http://www.loc.gov/MARC21/slim http://www.loc.gov/standards/marcxml/schema/MARC21slim.xsd" type="Bibliographic" >
    <leader>00000cam  22000005i 4500</leader>
    <controlfield tag="001" >CCPB000038831-9</controlfield>
    <controlfield tag="005" >20181017135033.0</controlfield>
    <controlfield tag="008" >931025s1640    it            ||| | ita d</controlfield>
    <datafield tag="035" ind1=" " ind2=" " >
        <subfield code="a" >0100030385 </subfield>
        <subfield code="z" >(M-BN)bima0000004800</subfield>
    </datafield>
    <datafield tag="040" ind1=" " ind2=" " >
        <subfield code="a" >PAB </subfield>
        <subfield code="b" >spa </subfield>
        <subfield code="c" >PAB </subfield>
        <subfield code="d" >CCPB </subfield>
        <subfield code="e" >rdc</subfield>
    </datafield>
    <datafield tag="041" ind1="1" ind2=" " >
        <subfield code="a" >ita </subfield>
        <subfield code="a" >spa </subfield>
        <subfield code="h" >spa</subfield>
    </datafield>
    <datafield tag="100" ind1="1" ind2=" " >
        <subfield code="a" >Casas, Bartolomé de las </subfield>
        <subfield code="c" >(O.P.) (</subfield>
        <subfield code="d" >1474-1566)</subfield>
    </datafield>
    <datafield tag="240" ind1="1" ind2="0" >
        <subfield code="a" >Octavo remedio. </subfield>
        <subfield code="l" >Italiano-Español</subfield>
    </datafield>
    <datafield tag="245" ind1="1" ind2="3" >
        <subfield code="a" >La libertá pretesa dal supplice schiauo indiano / </subfield>
        <subfield code="c" >di ... D. Bartolomeo dalle Case, ò Casaus, ... dell&#39; Ordine de&#39; Predicatori, &amp; Vescovo di Chiapa ... ; conforme al suo vero originale spagnuolo già stampato in Siviglia tradotto in italiano per opera di Marco Ginammi ; all&#39; ... Odoardo Farnese, Duca di Parma ...</subfield>
    </datafield>
    <datafield tag="246" ind1="3" ind2=" " >
        <subfield code="a" >Libertá pretesa dal supplice schiavo indiano</subfield>
    </datafield>
    <datafield tag="260" ind1=" " ind2=" " >
        <subfield code="a" >In Venetia : </subfield>
        <subfield code="b" >presso Marco Ginammi, </subfield>
        <subfield code="c" >1640.</subfield>
    </datafield>
    <datafield tag="300" ind1=" " ind2=" " >
        <subfield code="a" >155, [3] p., [2] en bl. ; </subfield>
        <subfield code="c" >4º.</subfield>
    </datafield>
    <datafield tag="533" ind1=" " ind2=" " >
        <subfield code="a" >Copia digital : </subfield>
        <subfield code="c" >Biblioteca Digital Hispánica (Biblioteca Nacional de España)</subfield>
    </datafield>
    <datafield tag="546" ind1=" " ind2=" " >
        <subfield code="a" >Texto paralelo italiano-español.</subfield>
    </datafield>
    <datafield tag="596" ind1=" " ind2=" " >
        <subfield code="a" >Colofón.</subfield>
    </datafield>
    <datafield tag="596" ind1=" " ind2=" " >
        <subfield code="a" >Marca tipográfica de impresor en portada.</subfield>
    </datafield>
    <datafield tag="597" ind1=" " ind2=" " >
        <subfield code="a" >Sign.: A4, B-K8, L4.</subfield>
    </datafield>
    <datafield tag="597" ind1=" " ind2=" " >
        <subfield code="a" >Texto a dos columnas.</subfield>
    </datafield>
    <datafield tag="597" ind1=" " ind2=" " >
        <subfield code="a" >Iniciales capitales, cabeceras y remates de texto grabados.</subfield>
    </datafield>
    <datafield tag="650" ind1=" " ind2="4" >
        <subfield code="a" >Indios de América-</subfield>
        <subfield code="x" >Trato recibido-</subfield>
        <subfield code="y" >S. XVI.</subfield>
    </datafield>
    <datafield tag="651" ind1=" " ind2="4" >
        <subfield code="a" >América Española-</subfield>
        <subfield code="x" >Historia-</subfield>
        <subfield code="y" >1492-1600 (Descubrimiento y Conquista)</subfield>
    </datafield>
    <datafield tag="700" ind1="1" ind2=" " >
        <subfield code="a" >Ginammi, Marco, </subfield>
        <subfield code="e" >traductor.</subfield>
    </datafield>
    <datafield tag="700" ind1="1" ind2=" " >
        <subfield code="a" >Ginammi, Marco, </subfield>
        <subfield code="e" >impresor.</subfield>
    </datafield>
    <datafield tag="700" ind1="1" ind2=" " >
        <subfield code="a" >Farnesio, Eduardo, </subfield>
        <subfield code="b" >V </subfield>
        <subfield code="c" >Duque de Parma (</subfield>
        <subfield code="d" >1612-1646),</subfield>
        <subfield code="e" >dedicatario.</subfield>
    </datafield>
    <datafield tag="752" ind1=" " ind2=" " >
        <subfield code="a" >Italia - </subfield>
        <subfield code="d" >Venecia.</subfield>
    </datafield>
</record>