
<record xmlns="http://www.loc.gov/MARC21/slim" xmlns:xsi="http://www.w3.org/2001/XMLSchema-instance" xsi:schemaLocation="http://www.loc.gov/MARC21/slim http://www.loc.gov/standards/marcxml/schema/MARC21slim.xsd" type="Bibliographic" >
    <leader>00000nam  22000005i 4500</leader>
    <controlfield tag="001" >CCPB000499889-8</controlfield>
    <controlfield tag="005" >20180105001611.0</controlfield>
    <controlfield tag="008" >010705s1598    gw ad         ||| | lat d</controlfield>
    <datafield tag="035" ind1=" " ind2=" " >
        <subfield code="a" >DMBR020101520</subfield>
    </datafield>
    <datafield tag="040" ind1=" " ind2=" " >
        <subfield code="a" >CCPB-B </subfield>
        <subfield code="b" >spa </subfield>
        <subfield code="c" >CCPB-B </subfield>
        <subfield code="e" >rdc</subfield>
    </datafield>
    <datafield tag="100" ind1="1" ind2=" " >
        <subfield code="a" >Casas, Bartolomé de las </subfield>
        <subfield code="c" >(O.P.) (</subfield>
        <subfield code="d" >1474-1566)</subfield>
    </datafield>
    <datafield tag="245" ind1="1" ind2="0" >
        <subfield code="a" >Narratio regionum indicarum per hispanos quosdam deuastatarum verissima</subfield>
        <subfield code="b" >: priùs quidem / </subfield>
        <subfield code="c" >per Episcopum Bartolemaeum Casaum, natione Hispanum Hispanicè conscripta &amp; anno 1551.</subfield>
    </datafield>
    <datafield tag="260" ind1=" " ind2=" " >
        <subfield code="a" >Francofurti : </subfield>
        <subfield code="b" >sumptibus Theodori de Bry, &amp; Ioannis Saurii typis,</subfield>
        <subfield code="c" >1598.</subfield>
    </datafield>
    <datafield tag="300" ind1=" " ind2=" " >
        <subfield code="a" >[8], 141 p. : </subfield>
        <subfield code="b" >il. ; </subfield>
        <subfield code="c" >4º.</subfield>
    </datafield>
    <datafield tag="597" ind1=" " ind2=" " >
        <subfield code="a" >Sign.: )(4, A-R4, S3.</subfield>
    </datafield>
    <datafield tag="597" ind1=" " ind2=" " >
        <subfield code="a" >Port. grab. calc.</subfield>
    </datafield>
    <datafield tag="599" ind1=" " ind2=" " >
        <subfield code="a" >Ilustraciones calc. intercaladas en el texto.</subfield>
    </datafield>
    <datafield tag="651" ind1=" " ind2=" " >
        <subfield code="a" >España-</subfield>
        <subfield code="x" >Historia.</subfield>
    </datafield>
    <datafield tag="700" ind1="1" ind2=" " >
        <subfield code="a" >Bry, Theodor (</subfield>
        <subfield code="d" >1528-1598), </subfield>
        <subfield code="e" >ed.</subfield>
    </datafield>
    <datafield tag="700" ind1="1" ind2=" " >
        <subfield code="a" >Saur, Johannes, </subfield>
        <subfield code="e" >imp.</subfield>
    </datafield>
    <datafield tag="752" ind1=" " ind2=" " >
        <subfield code="a" >Alemania - </subfield>
        <subfield code="d" >Frankfurt</subfield>
    </datafield>
</record>