
<record xmlns="http://www.loc.gov/MARC21/slim" xmlns:xsi="http://www.w3.org/2001/XMLSchema-instance" xsi:schemaLocation="http://www.loc.gov/MARC21/slim http://www.loc.gov/standards/marcxml/schema/MARC21slim.xsd" type="Bibliographic" >
    <leader>00000cam  22000005i 4500</leader>
    <controlfield tag="001" >CCPB001189389-3</controlfield>
    <controlfield tag="005" >20200617171416.0</controlfield>
    <controlfield tag="008" >110518s1614    gw a   |||||||||||||lat d</controlfield>
    <datafield tag="035" ind1=" " ind2=" " >
        <subfield code="z" >(M-BN)a4463041</subfield>
    </datafield>
    <datafield tag="040" ind1=" " ind2=" " >
        <subfield code="a" >CCPB-AB </subfield>
        <subfield code="b" >spa </subfield>
        <subfield code="c" >CCPB-AB </subfield>
        <subfield code="d" >CCPB </subfield>
        <subfield code="e" >rdc</subfield>
    </datafield>
    <datafield tag="100" ind1="0" ind2=" " >
        <subfield code="a" >Casas, Bartolomé de las </subfield>
        <subfield code="c" >(O.P.) (</subfield>
        <subfield code="d" >1474-1566)</subfield>
    </datafield>
    <datafield tag="245" ind1="1" ind2="0" >
        <subfield code="a" >Narratio regionum indicarum per hispanos quosdam deuastatarum verissima / </subfield>
        <subfield code="c" >per Episcopum Bartolomaeum Casaum, natione Hispanum Hispanicè conscripta &amp; Hispali Hispanicè, pòstalibi latinè excusa.</subfield>
    </datafield>
    <datafield tag="250" ind1=" " ind2=" " >
        <subfield code="a" >Jam verò dennuò iconibus illustrata edita est.</subfield>
    </datafield>
    <datafield tag="260" ind1=" " ind2=" " >
        <subfield code="a" >Oppenheimii : </subfield>
        <subfield code="b" >sumptibus Johan Theodo. de Bry : </subfield>
        <subfield code="b" >Typis Hieronymi Galleri, </subfield>
        <subfield code="c" >1614.</subfield>
    </datafield>
    <datafield tag="300" ind1=" " ind2=" " >
        <subfield code="a" >138, [i.e. 130] p., [2] en bl. : </subfield>
        <subfield code="b" >il. ; </subfield>
        <subfield code="c" >4º.</subfield>
    </datafield>
    <datafield tag="533" ind1=" " ind2=" " >
        <subfield code="a" >Copia digital : </subfield>
        <subfield code="c" >Biblioteca Digital Hispánica (Biblioteca Nacional de España)</subfield>
    </datafield>
    <datafield tag="597" ind1=" " ind2=" " >
        <subfield code="a" >Sign.: A-Q4, R2.</subfield>
    </datafield>
    <datafield tag="597" ind1=" " ind2=" " >
        <subfield code="a" >Error de páginación, de página 11 pasa a página 20.</subfield>
    </datafield>
    <datafield tag="597" ind1=" " ind2=" " >
        <subfield code="a" >Portada con grabado calcográfico.</subfield>
    </datafield>
    <datafield tag="599" ind1=" " ind2=" " >
        <subfield code="a" >Las ilustraciones grabados calcográficos: &quot;Iodo a Wigne in.&quot;, alusivas al trato recibido por los indios durante la colonización de América.</subfield>
    </datafield>
    <datafield tag="650" ind1=" " ind2="4" >
        <subfield code="a" >Indios-</subfield>
        <subfield code="z" >América.</subfield>
    </datafield>
    <datafield tag="651" ind1=" " ind2="4" >
        <subfield code="a" >América española-</subfield>
        <subfield code="x" >Descubrimiento y conquista.</subfield>
    </datafield>
    <datafield tag="700" ind1="1" ind2=" " >
        <subfield code="a" >Bry, Johann Theodor de (</subfield>
        <subfield code="d" >1561-1623), </subfield>
        <subfield code="e" >editor.</subfield>
    </datafield>
    <datafield tag="700" ind1="1" ind2=" " >
        <subfield code="a" >Gallern, Jerónimo, </subfield>
        <subfield code="e" >impresor.</subfield>
    </datafield>
    <datafield tag="700" ind1="1" ind2=" " >
        <subfield code="a" >Winghe, Jodocus (</subfield>
        <subfield code="d" >ca. 1542-1603), </subfield>
        <subfield code="e" >grabador.</subfield>
    </datafield>
    <datafield tag="752" ind1=" " ind2=" " >
        <subfield code="a" >Alemania - </subfield>
        <subfield code="d" >Frankfurt.</subfield>
    </datafield>
</record>