
<record xmlns="http://www.loc.gov/MARC21/slim" xmlns:xsi="http://www.w3.org/2001/XMLSchema-instance" xsi:schemaLocation="http://www.loc.gov/MARC21/slim http://www.loc.gov/standards/marcxml/schema/MARC21slim.xsd" type="Bibliographic" >
    <leader>00000cam  22000005i 4500</leader>
    <controlfield tag="001" >CCPB000038834-3</controlfield>
    <controlfield tag="005" >20161006114633.0</controlfield>
    <controlfield tag="008" >931025s1646    sp            ||| | spa d</controlfield>
    <datafield tag="035" ind1=" " ind2=" " >
        <subfield code="a" >0100030388 </subfield>
        <subfield code="z" >CCPB000353304-2 </subfield>
        <subfield code="z" >DMBR000206402</subfield>
    </datafield>
    <datafield tag="040" ind1=" " ind2=" " >
        <subfield code="a" >PAB </subfield>
        <subfield code="b" >spa </subfield>
        <subfield code="c" >PAB </subfield>
        <subfield code="d" >CCPB </subfield>
        <subfield code="e" >rdc</subfield>
    </datafield>
    <datafield tag="100" ind1="1" ind2=" " >
        <subfield code="a" >Casas, Bartolomé de las </subfield>
        <subfield code="c" >(O.P.) (</subfield>
        <subfield code="d" >1474-1566)</subfield>
    </datafield>
    <datafield tag="245" ind1="1" ind2="4" >
        <subfield code="a" >Las obras del obispo D. Fray Bartolome de las Casas, o Casaus, obispo que fue de la ciudad Real de Chiapa en las Indias, de la Orden de Santo Domingo ...</subfield>
    </datafield>
    <datafield tag="260" ind1=" " ind2=" " >
        <subfield code="a" >[Barcelona] Impresso en Seuilla, en casa Sebastian de Trugillo, año 1552 y agora nueuamente en Barcelona : </subfield>
        <subfield code="b" >en casa de Antonio Lacaualleria,</subfield>
        <subfield code="c" >1646.</subfield>
    </datafield>
    <datafield tag="300" ind1=" " ind2=" " >
        <subfield code="a" >[2], 214 h. ; </subfield>
        <subfield code="c" >4º.</subfield>
    </datafield>
    <datafield tag="505" ind1="2" ind2=" " >
        <subfield code="a" >Contiene: Breuissima relacion de la destruycion de las Indias Occidentales por los Castellanos, h. 1-50 ; Treynta proposiciones pertenecientes al derecho que la Iglesia y los Principes Christianos tienen contra los Infieles ..., h. 51-60 ; Una disputa entre dicho Obispo y el Doctor Gines de Sepulueda, sobre que el Doctor contenia que las conquistas contra los indios eran licitas, y el Obispo ... injustas è iniquas, h. 61-121 ; Un tratado que escriuio por mandado del Consejo Real de las Indias ..., h. 122-157 ; Remedios que refirió por mandado del Emperador al ayuntamiento de Prelados que mando juntar en Valladolid el año 1542 ..., h. 158-214</subfield>
    </datafield>
    <datafield tag="533" ind1=" " ind2=" " >
        <subfield code="a" >Copia digital : </subfield>
        <subfield code="c" >Biblioteca Digital Hispánica (Biblioteca Nacional de España)</subfield>
    </datafield>
    <datafield tag="597" ind1=" " ind2=" " >
        <subfield code="a" >Sign.: [ ]2, A-Z8, 2A-2C8, 2D6.</subfield>
    </datafield>
    <datafield tag="597" ind1=" " ind2=" " >
        <subfield code="a" >Anteportadas con orla tipográfica y escudo xilográfico en la primera.</subfield>
    </datafield>
    <datafield tag="700" ind1="1" ind2=" " >
        <subfield code="a" >Lacavallería, Antonio, </subfield>
        <subfield code="e" >impresor.</subfield>
    </datafield>
    <datafield tag="740" ind1="0" ind2=" " >
        <subfield code="a" >Brevísima relación de la destrucción de las Indias Occidentales por los Castellanos.</subfield>
    </datafield>
    <datafield tag="740" ind1="0" ind2=" " >
        <subfield code="a" >Treinta proposiciones pertenecientes al derecho que la iglesia y los principes cristianos tienen contra los infieles.</subfield>
    </datafield>
    <datafield tag="740" ind1="4" ind2=" " >
        <subfield code="a" >Una disputa entre dicho obispo y el doctor Ginés de Sepúlveda, sobre que el doctor contenía que las conquistas contra los indios eran lícitas y el obispo ... injustas e iniquas.</subfield>
    </datafield>
    <datafield tag="740" ind1="3" ind2=" " >
        <subfield code="a" >Un tratado que escribió por mandado del Consejo Real de las Indias.</subfield>
    </datafield>
    <datafield tag="740" ind1="0" ind2=" " >
        <subfield code="a" >Remedios que refirió por mandado del Emperador al ayuntamiento de Prelados que mandó juntar en Valladolid el año 1542.</subfield>
    </datafield>
    <datafield tag="752" ind1=" " ind2=" " >
        <subfield code="a" >España - </subfield>
        <subfield code="d" >Barcelona.</subfield>
    </datafield>
</record>