
<record xmlns="http://www.loc.gov/MARC21/slim" xmlns:xsi="http://www.w3.org/2001/XMLSchema-instance" xsi:schemaLocation="http://www.loc.gov/MARC21/slim http://www.loc.gov/standards/marcxml/schema/MARC21slim.xsd" type="Bibliographic" >
    <leader>00000nam  22000005i 4500</leader>
    <controlfield tag="001" >CCPB000053955-4</controlfield>
    <controlfield tag="005" >20121009014149.0</controlfield>
    <controlfield tag="008" >931025s1664    gw a          ||| | lat d</controlfield>
    <datafield tag="035" ind1=" " ind2=" " >
        <subfield code="a" >0100148035</subfield>
    </datafield>
    <datafield tag="040" ind1=" " ind2=" " >
        <subfield code="a" >PR </subfield>
        <subfield code="b" >spa </subfield>
        <subfield code="c" >PAB </subfield>
        <subfield code="e" >rdc</subfield>
    </datafield>
    <datafield tag="100" ind1="1" ind2=" " >
        <subfield code="a" >Casas, Bartolomé de las </subfield>
        <subfield code="c" >(O.P.) (</subfield>
        <subfield code="d" >1474-1566)</subfield>
    </datafield>
    <datafield tag="245" ind1="1" ind2="0" >
        <subfield code="a" >Regionum Indicarum per Hispanos olim devastatarum accuratissima descriptio insertis figuris aeneis ad virum fabrefactis / </subfield>
        <subfield code="c" >authore Bartholomaeo de las Casas Episcopo Hispano.</subfield>
    </datafield>
    <datafield tag="250" ind1=" " ind2=" " >
        <subfield code="a" >Editio nova priori long&#39;e correctior.</subfield>
    </datafield>
    <datafield tag="260" ind1=" " ind2=" " >
        <subfield code="a" >Heidelbergae : </subfield>
        <subfield code="b" >Typis Guilielmi Walteri..., </subfield>
        <subfield code="c" >1664.</subfield>
    </datafield>
    <datafield tag="300" ind1=" " ind2=" " >
        <subfield code="a" >4], 112 p. : </subfield>
        <subfield code="b" >il. ; </subfield>
        <subfield code="c" >4º.</subfield>
    </datafield>
    <datafield tag="597" ind1=" " ind2=" " >
        <subfield code="a" >Sign. : ( : O : )2, A-O2.</subfield>
    </datafield>
    <datafield tag="599" ind1=" " ind2=" " >
        <subfield code="a" >Port. grab. calc.</subfield>
    </datafield>
    <datafield tag="599" ind1=" " ind2=" " >
        <subfield code="a" >Las il. calc., algunas firmadas : &quot;Iodo. a Wigne in.&quot;</subfield>
    </datafield>
    <datafield tag="650" ind1=" " ind2="4" >
        <subfield code="a" >América Española-</subfield>
        <subfield code="x" >Descubrimiento y conquista.</subfield>
    </datafield>
</record>