
<record xmlns="http://www.loc.gov/MARC21/slim" xmlns:xsi="http://www.w3.org/2001/XMLSchema-instance" xsi:schemaLocation="http://www.loc.gov/MARC21/slim http://www.loc.gov/standards/marcxml/schema/MARC21slim.xsd" type="Bibliographic" >
    <leader>00000nam  22000005i 4500</leader>
    <controlfield tag="001" >CCPB000053956-2</controlfield>
    <controlfield tag="005" >20161208003118.0</controlfield>
    <controlfield tag="008" >931025s1698    ne ab         ||| | fre d</controlfield>
    <datafield tag="035" ind1=" " ind2=" " >
        <subfield code="a" >0100148036</subfield>
    </datafield>
    <datafield tag="040" ind1=" " ind2=" " >
        <subfield code="a" >PR </subfield>
        <subfield code="b" >spa </subfield>
        <subfield code="c" >PAB </subfield>
        <subfield code="e" >rdc</subfield>
    </datafield>
    <datafield tag="100" ind1="1" ind2=" " >
        <subfield code="a" >Casas, Bartolomé de las </subfield>
        <subfield code="c" >(O.P.) (</subfield>
        <subfield code="d" >1474-1566)</subfield>
    </datafield>
    <datafield tag="245" ind1="1" ind2="0" >
        <subfield code="a" >Relation des voyages et des découvertes que les Espagnols ont fait dans les Indes Occidentales / </subfield>
        <subfield code="c" >ecrite par Dom. B. de Las-Casas, evéque de Chiapa ; avec la Relation curiense des voyages du sieur de Montauban... en Guinée l&#39;an 1695.</subfield>
    </datafield>
    <datafield tag="260" ind1=" " ind2=" " >
        <subfield code="a" >A Amsterdam : </subfield>
        <subfield code="b" >chez J. Louis de Lorme... (</subfield>
        <subfield code="f" >de l&#39;Imprimerie de Daniel Boulesteys de La Contie)</subfield>
        <subfield code="c" >1698.</subfield>
    </datafield>
    <datafield tag="300" ind1=" " ind2=" " >
        <subfield code="a" >[10], 402 p.  [14] h. de grab. ; </subfield>
        <subfield code="c" >12º.</subfield>
    </datafield>
    <datafield tag="505" ind1="0" ind2=" " >
        <subfield code="a" >Relation du voyage du Sieur de Montanban... en Guinée en l&#39;année 1695 ; p. 359, con port. propia</subfield>
    </datafield>
    <datafield tag="596" ind1=" " ind2=" " >
        <subfield code="a" >Impresor entre paréntesis tomado de colofón.</subfield>
    </datafield>
    <datafield tag="596" ind1=" " ind2=" " >
        <subfield code="a" >Marca tip. en port.</subfield>
    </datafield>
    <datafield tag="597" ind1=" " ind2=" " >
        <subfield code="a" >Sign. : *5, A-Q12, R6, S5.</subfield>
    </datafield>
    <datafield tag="597" ind1=" " ind2=" " >
        <subfield code="a" >Port. a dos tintas.</subfield>
    </datafield>
    <datafield tag="597" ind1=" " ind2=" " >
        <subfield code="a" >Al final del libro, catálogo de publicaciones de la ed.</subfield>
    </datafield>
    <datafield tag="599" ind1=" " ind2=" " >
        <subfield code="a" >La h. de grab., en su mayoria pleg., en mapas y escenas cotidianas del Nuevo Mundo. La primera de ellas, precediendo a la port., está firmado : &quot;B. Picart in. et fe&quot;</subfield>
    </datafield>
    <datafield tag="650" ind1=" " ind2="4" >
        <subfield code="a" >América Española-</subfield>
        <subfield code="x" >Descubrimiento y conquista.</subfield>
    </datafield>
    <datafield tag="650" ind1=" " ind2="4" >
        <subfield code="a" >Guinea-</subfield>
        <subfield code="x" >Descripción y viaje-</subfield>
        <subfield code="y" >1695.</subfield>
    </datafield>
    <datafield tag="650" ind1=" " ind2=" " >
        <subfield code="a" >Libros ilustrados-</subfield>
        <subfield code="y" >S. XVII.</subfield>
    </datafield>
    <datafield tag="700" ind1="1" ind2=" " >
        <subfield code="a" >Montauban. </subfield>
        <subfield code="t" >Relation du voyage du Sieur de Montauban en Guinée en l&#39;année 1695.</subfield>
    </datafield>
    <datafield tag="700" ind1="1" ind2=" " >
        <subfield code="a" >Lorme, Louis, </subfield>
        <subfield code="e" >ed.</subfield>
    </datafield>
    <datafield tag="700" ind1="1" ind2=" " >
        <subfield code="a" >Boulesteys de la Contie, Daniel, </subfield>
        <subfield code="e" >imp.</subfield>
    </datafield>
    <datafield tag="752" ind1=" " ind2=" " >
        <subfield code="a" >Holanda - </subfield>
        <subfield code="d" >Amsterdam</subfield>
    </datafield>
</record>