
<record xmlns="http://www.loc.gov/MARC21/slim" xmlns:xsi="http://www.w3.org/2001/XMLSchema-instance" xsi:schemaLocation="http://www.loc.gov/MARC21/slim http://www.loc.gov/standards/marcxml/schema/MARC21slim.xsd" type="Bibliographic" >
    <leader>00000cam  22000005i 4500</leader>
    <controlfield tag="001" >CCPB000038832-7</controlfield>
    <controlfield tag="005" >20191016001541.0</controlfield>
    <controlfield tag="008" >931025s1636    it            ||| | spa d</controlfield>
    <datafield tag="035" ind1=" " ind2=" " >
        <subfield code="a" >0100030386 </subfield>
        <subfield code="z" >CCPB000895681-2</subfield>
    </datafield>
    <datafield tag="040" ind1=" " ind2=" " >
        <subfield code="a" >PAB </subfield>
        <subfield code="b" >spa </subfield>
        <subfield code="c" >PAB </subfield>
        <subfield code="d" >CCPB </subfield>
        <subfield code="e" >rdc</subfield>
    </datafield>
    <datafield tag="041" ind1="1" ind2=" " >
        <subfield code="a" >ita </subfield>
        <subfield code="h" >spa</subfield>
    </datafield>
    <datafield tag="100" ind1="1" ind2=" " >
        <subfield code="a" >Casas, Bartolomé de las </subfield>
        <subfield code="c" >(O.P.) (</subfield>
        <subfield code="d" >1474-1566)</subfield>
    </datafield>
    <datafield tag="240" ind1="0" ind2="0" >
        <subfield code="a" >Obras 8</subfield>
    </datafield>
    <datafield tag="245" ind1="1" ind2="3" >
        <subfield code="a" >Il supplice schiauo Indiano / </subfield>
        <subfield code="c" >di ... D. Bartolomeo dalle Case ò Casaus ... dell&#39; Ordine de&#39; Predicatori, &amp; Vescouo di Chiapa ... ; conforme al suo vero Originale Spagnuolo già stampato in Siuiglia ; tradotto in italiano per opera di Marco Ginammi ...</subfield>
    </datafield>
    <datafield tag="260" ind1=" " ind2=" " >
        <subfield code="a" >In Venetia : </subfield>
        <subfield code="b" >appresso Marco Ginammi, </subfield>
        <subfield code="c" >1636.</subfield>
    </datafield>
    <datafield tag="300" ind1=" " ind2=" " >
        <subfield code="a" >118, [2] p. ; </subfield>
        <subfield code="c" >4º.</subfield>
    </datafield>
    <datafield tag="505" ind1="8" ind2=" " >
        <subfield code="a" >Libri stampati da Marco Ginammi, [2] p. finales.</subfield>
    </datafield>
    <datafield tag="533" ind1=" " ind2=" " >
        <subfield code="a" >Copia digital. </subfield>
        <subfield code="b" >Biblioteca Digital Hispánica (Biblioteca Nacional de España)</subfield>
    </datafield>
    <datafield tag="546" ind1=" " ind2=" " >
        <subfield code="a" >Texto paralelo en italiano y español.</subfield>
    </datafield>
    <datafield tag="595" ind1=" " ind2=" " >
        <subfield code="a" >Existe una variante en la que las [2] p. finales están en blanco.</subfield>
    </datafield>
    <datafield tag="596" ind1=" " ind2=" " >
        <subfield code="a" >Marca tipográfica en portada.</subfield>
    </datafield>
    <datafield tag="597" ind1=" " ind2=" " >
        <subfield code="a" >Sign.: A-G8, H4.</subfield>
    </datafield>
    <datafield tag="597" ind1=" " ind2=" " >
        <subfield code="a" >Texto a dos columnas.</subfield>
    </datafield>
    <datafield tag="650" ind1=" " ind2=" " >
        <subfield code="a" >Esclavitud-</subfield>
        <subfield code="z" >América española-</subfield>
        <subfield code="y" >S. XVII.</subfield>
    </datafield>
    <datafield tag="650" ind1=" " ind2="4" >
        <subfield code="a" >Indios, tratamiento de-</subfield>
        <subfield code="z" >América Hispana.</subfield>
    </datafield>
    <datafield tag="700" ind1="1" ind2=" " >
        <subfield code="a" >Ginammi, Marco, </subfield>
        <subfield code="e" >traductor.</subfield>
    </datafield>
    <datafield tag="700" ind1="1" ind2=" " >
        <subfield code="a" >Ginammi, Marco, </subfield>
        <subfield code="e" >impresor.</subfield>
    </datafield>
    <datafield tag="752" ind1=" " ind2=" " >
        <subfield code="a" >Italia - </subfield>
        <subfield code="d" >Venecia.</subfield>
    </datafield>
</record>