
<record xmlns="http://www.loc.gov/MARC21/slim" xmlns:xsi="http://www.w3.org/2001/XMLSchema-instance" xsi:schemaLocation="http://www.loc.gov/MARC21/slim http://www.loc.gov/standards/marcxml/schema/MARC21slim.xsd" type="Bibliographic" >
    <leader>00000cam  22000005i 4500</leader>
    <controlfield tag="001" >CCPB000038833-5</controlfield>
    <controlfield tag="005" >20201027090020.0</controlfield>
    <controlfield tag="008" >931025s1657    it            ||| | ita d</controlfield>
    <datafield tag="035" ind1=" " ind2=" " >
        <subfield code="a" >0100030387 </subfield>
        <subfield code="z" >CCPB000055880-X </subfield>
        <subfield code="z" >0100155405 </subfield>
        <subfield code="z" >(M-BN)bima0000004802</subfield>
    </datafield>
    <datafield tag="040" ind1=" " ind2=" " >
        <subfield code="a" >PAB </subfield>
        <subfield code="b" >spa </subfield>
        <subfield code="c" >PAB </subfield>
        <subfield code="d" >CCPB </subfield>
        <subfield code="e" >rdc</subfield>
    </datafield>
    <datafield tag="041" ind1="1" ind2=" " >
        <subfield code="a" >ita </subfield>
        <subfield code="a" >spa </subfield>
        <subfield code="h" >spa</subfield>
    </datafield>
    <datafield tag="100" ind1="1" ind2=" " >
        <subfield code="a" >Casas, Bartolomé de las </subfield>
        <subfield code="c" >(O.P.) (</subfield>
        <subfield code="d" >1474-1566)</subfield>
    </datafield>
    <datafield tag="245" ind1="1" ind2="3" >
        <subfield code="a" >Il supplice schiauo indiano / </subfield>
        <subfield code="c" >di ... D. Bartolomeo dalle Case ò Casaus ... dell&#39; Ordine de Predicatori, &amp; Vescouo di Chiapa ... ; conforme ab suo vero originale spagnuolo già stampato in Siuiglia ; tradotto in italiano per opera di Marco Ginammi; Al... Sig. Bernardo Moro.</subfield>
    </datafield>
    <datafield tag="246" ind1="3" ind2=" " >
        <subfield code="a" >Supplice schiavo indiano</subfield>
    </datafield>
    <datafield tag="260" ind1=" " ind2=" " >
        <subfield code="a" >In Venetia : </subfield>
        <subfield code="b" >per li Ginammi, </subfield>
        <subfield code="c" >1657.</subfield>
    </datafield>
    <datafield tag="300" ind1=" " ind2=" " >
        <subfield code="a" >96 p. ; </subfield>
        <subfield code="c" >4º.</subfield>
    </datafield>
    <datafield tag="533" ind1=" " ind2=" " >
        <subfield code="a" >Copia digital : </subfield>
        <subfield code="c" >Biblioteca Digital Lau Haizeetara : Bizkaiko Foru Liburutegia / Biblioteca Foral de Bizkaia.</subfield>
    </datafield>
    <datafield tag="546" ind1=" " ind2=" " >
        <subfield code="a" >Texto paralelo italiano-español.</subfield>
    </datafield>
    <datafield tag="596" ind1=" " ind2=" " >
        <subfield code="a" >Marca tipográfica de impresor en portada.</subfield>
    </datafield>
    <datafield tag="596" ind1=" " ind2=" " >
        <subfield code="a" >Al final del texto colofón de la edición de Sevilla de 1552: &quot;Fue impressa la presente obra en la muy noble, &amp; muy leal Ciudad de Seuilla, en casa de Sebastian Trugillo, impressor de libros, Frontero de Nuestra Señora de Gracia. Acabosse à doze dias del mes de settiembre. Año de mil, &amp; quinientos y cincuentos y dos&quot;</subfield>
    </datafield>
    <datafield tag="597" ind1=" " ind2=" " >
        <subfield code="a" >Sign.: A-F8.</subfield>
    </datafield>
    <datafield tag="597" ind1=" " ind2=" " >
        <subfield code="a" >Iniciales y frisos xilográficos.</subfield>
    </datafield>
    <datafield tag="650" ind1=" " ind2="4" >
        <subfield code="a" >Indios de América-</subfield>
        <subfield code="x" >Trato recibido-</subfield>
        <subfield code="y" >S. XVI.</subfield>
    </datafield>
    <datafield tag="651" ind1=" " ind2="4" >
        <subfield code="a" >América Española-</subfield>
        <subfield code="x" >Historia-</subfield>
        <subfield code="y" >1492-1600 (Descubrimiento y Conquista)</subfield>
    </datafield>
    <datafield tag="700" ind1="1" ind2=" " >
        <subfield code="a" >Ginammi, Marco, </subfield>
        <subfield code="e" >traductor.</subfield>
    </datafield>
    <datafield tag="700" ind1="1" ind2=" " >
        <subfield code="a" >Ginammi, Marco, </subfield>
        <subfield code="e" >impresor.</subfield>
    </datafield>
    <datafield tag="752" ind1=" " ind2=" " >
        <subfield code="a" >Italia - </subfield>
        <subfield code="d" >Venecia.</subfield>
    </datafield>
</record>