
<record xmlns="http://www.loc.gov/MARC21/slim" xmlns:xsi="http://www.w3.org/2001/XMLSchema-instance" xsi:schemaLocation="http://www.loc.gov/MARC21/slim http://www.loc.gov/standards/marcxml/schema/MARC21slim.xsd" type="Bibliographic" >
    <leader>00000cam  22000005i 4500</leader>
    <controlfield tag="001" >CCPB000000493-6</controlfield>
    <controlfield tag="005" >20161018185726.0</controlfield>
    <controlfield tag="008" >931025s1553    sp            ||| | spa d</controlfield>
    <datafield tag="035" ind1=" " ind2=" " >
        <subfield code="a" >0100023205 </subfield>
        <subfield code="z" >CCPB000004522-5 </subfield>
        <subfield code="z" >0100055508</subfield>
    </datafield>
    <datafield tag="040" ind1=" " ind2=" " >
        <subfield code="a" >CCPB </subfield>
        <subfield code="b" >spa </subfield>
        <subfield code="c" >CCPB </subfield>
        <subfield code="e" >rdc</subfield>
    </datafield>
    <datafield tag="100" ind1="1" ind2=" " >
        <subfield code="a" >Casas, Bartolomé de las </subfield>
        <subfield code="c" >(O.P.) (</subfield>
        <subfield code="d" >1474-1566)</subfield>
    </datafield>
    <datafield tag="245" ind1="1" ind2="0" >
        <subfield code="a" >Tratado c¯oprobatorio del Imperio soberano y principado vniuersal que los Reyes de Castilla y Leon tienen sobre las indias / </subfield>
        <subfield code="c" >compuesto por ... Bartholome d[e] las Casas o Casaus de la orden d[e] Sancto Domingo.</subfield>
    </datafield>
    <datafield tag="260" ind1=" " ind2=" " >
        <subfield code="a" >Fue impressa ... en ... Seuilla : </subfield>
        <subfield code="b" >en casa d[e] Sebasti¯a Trugillo,</subfield>
        <subfield code="c" >1552 (</subfield>
        <subfield code="g" >1553)</subfield>
    </datafield>
    <datafield tag="300" ind1=" " ind2=" " >
        <subfield code="a" >[80] h. ; </subfield>
        <subfield code="c" >4º.</subfield>
    </datafield>
    <datafield tag="510" ind1="4" ind2=" " >
        <subfield code="a" >CCBE S. XVI, </subfield>
        <subfield code="c" >C, 891</subfield>
    </datafield>
    <datafield tag="510" ind1="4" ind2=" " >
        <subfield code="a" >Escudero, </subfield>
        <subfield code="c" >542</subfield>
    </datafield>
    <datafield tag="596" ind1=" " ind2=" " >
        <subfield code="a" >Lugar de impresión e impresor constan en colofón, año en colofón 1553.</subfield>
    </datafield>
    <datafield tag="596" ind1=" " ind2=" " >
        <subfield code="a" >Colofón: Fue impressa la presente obra en la muy noble [y] muy leal ciudad d[e] Seuilla en cas d[e] Sebastia[n] Trugillo impressor de libros. Acabosse a ocho dias d[e]l mes de enero. Año 1553.</subfield>
    </datafield>
    <datafield tag="597" ind1=" " ind2=" " >
        <subfield code="a" >Sign.: a-k8.</subfield>
    </datafield>
    <datafield tag="597" ind1=" " ind2=" " >
        <subfield code="a" >Portada orlada a dos tintas con escudo imperial.</subfield>
    </datafield>
    <datafield tag="597" ind1=" " ind2=" " >
        <subfield code="a" >Letra gótica.</subfield>
    </datafield>
    <datafield tag="650" ind1=" " ind2="4" >
        <subfield code="a" >Indios-</subfield>
        <subfield code="x" >Colonias-</subfield>
        <subfield code="z" >América-</subfield>
        <subfield code="y" >S. XVI.</subfield>
    </datafield>
    <datafield tag="700" ind1="1" ind2=" " >
        <subfield code="a" >Trujillo, Sebastián, </subfield>
        <subfield code="e" >impresor.</subfield>
    </datafield>
    <datafield tag="740" ind1="0" ind2=" " >
        <subfield code="a" >Tratado comprobatorio del Imperio soberano y principado universal que los Reyes de Castilla y Leon tienen sobre las indias.</subfield>
    </datafield>
    <datafield tag="752" ind1=" " ind2=" " >
        <subfield code="a" >España - </subfield>
        <subfield code="d" >Sevilla.</subfield>
    </datafield>
</record>