
<record xmlns="http://www.loc.gov/MARC21/slim" xmlns:xsi="http://www.w3.org/2001/XMLSchema-instance" xsi:schemaLocation="http://www.loc.gov/MARC21/slim http://www.loc.gov/standards/marcxml/schema/MARC21slim.xsd" type="Bibliographic" >
    <leader>00000nam  22000005i 4500</leader>
    <controlfield tag="001" >CCPB000053957-0</controlfield>
    <controlfield tag="005" >20121009014149.0</controlfield>
    <controlfield tag="008" >931025s1630    fr            ||| | fre d</controlfield>
    <datafield tag="035" ind1=" " ind2=" " >
        <subfield code="a" >0100148037</subfield>
    </datafield>
    <datafield tag="040" ind1=" " ind2=" " >
        <subfield code="a" >PR </subfield>
        <subfield code="b" >spa </subfield>
        <subfield code="c" >PAB </subfield>
        <subfield code="e" >rdc</subfield>
    </datafield>
    <datafield tag="041" ind1="1" ind2=" " >
        <subfield code="a" >fre</subfield>
        <subfield code="a" >spa</subfield>
    </datafield>
    <datafield tag="100" ind1="1" ind2=" " >
        <subfield code="a" >Casas, Bartolomé de las </subfield>
        <subfield code="c" >(O.P.) (</subfield>
        <subfield code="d" >1474-1566)</subfield>
    </datafield>
    <datafield tag="245" ind1="1" ind2="0" >
        <subfield code="a" >Tyrannies et cruauter des espagnols commises es  sic] Indes Occidentales quon dit le Nouveau Monde / </subfield>
        <subfield code="c" >briefuement descrite en espagnol par Don frefe Barthelemy de las Casas de l&#39;Ordre de S. Dominique &amp; Eusque de la ville royalle de Chiappa ; traduitte fidellement en françois par Iacques de Migyrode sur la Coppie espagnolle imprimée a la ville de Seuille.</subfield>
    </datafield>
    <datafield tag="260" ind1=" " ind2=" " >
        <subfield code="a" >A Rouen : </subfield>
        <subfield code="b" >chez Iacques Caillo ué... iouxte la coppie imprimée &#39;a Paris par Guillaume Iulien, </subfield>
        <subfield code="c" >1630.</subfield>
    </datafield>
    <datafield tag="300" ind1=" " ind2=" " >
        <subfield code="a" >22], 214 p. ; </subfield>
        <subfield code="c" >4º.</subfield>
    </datafield>
    <datafield tag="597" ind1=" " ind2=" " >
        <subfield code="a" >Sign. : A-Z4, 2A-2F4, 2G2.</subfield>
    </datafield>
    <datafield tag="597" ind1=" " ind2=" " >
        <subfield code="a" >Port. a dos tintas.</subfield>
    </datafield>
    <datafield tag="650" ind1=" " ind2="4" >
        <subfield code="a" >América Española-</subfield>
        <subfield code="x" >Descubrimiento y conquista.</subfield>
    </datafield>
    <datafield tag="700" ind1="1" ind2=" " >
        <subfield code="a" >Miggrode, Iacques de, </subfield>
        <subfield code="e" >trad.</subfield>
    </datafield>
</record>