
<record xmlns="http://www.loc.gov/MARC21/slim" xmlns:xsi="http://www.w3.org/2001/XMLSchema-instance" xsi:schemaLocation="http://www.loc.gov/MARC21/slim http://www.loc.gov/standards/marcxml/schema/MARC21slim.xsd" type="Bibliographic" >
    <leader>00000cam a22000005i 4500</leader>
    <controlfield tag="001" >CCPB001307399-0</controlfield>
    <controlfield tag="005" >20200617171617.0</controlfield>
    <controlfield tag="008" >000118s1613    gw a         |||| ||ger d</controlfield>
    <datafield tag="035" ind1=" " ind2=" " >
        <subfield code="a" >(M-BN)bima0000015578</subfield>
    </datafield>
    <datafield tag="040" ind1=" " ind2=" " >
        <subfield code="a" >M-BN </subfield>
        <subfield code="b" >spa </subfield>
        <subfield code="c" >M-BN </subfield>
        <subfield code="d" >CCPB </subfield>
        <subfield code="e" >rdc</subfield>
    </datafield>
    <datafield tag="100" ind1="1" ind2=" " >
        <subfield code="a" >Casas, Bartolomé de las </subfield>
        <subfield code="c" >(O.P.) (</subfield>
        <subfield code="d" >1474-1566)</subfield>
    </datafield>
    <datafield tag="245" ind1="1" ind2="0" >
        <subfield code="a" >Warhafftiger vnd gründlicher bericht der hispanier grewlich, vnd abschewlichen Tyranney von jhnen in den West Indien ... / </subfield>
        <subfield code="c" >erstlich, castilianisch durch Bischoff Bartholomæum de las Casas ...</subfield>
    </datafield>
    <datafield tag="260" ind1=" " ind2=" " >
        <subfield code="a" >Gedruckt zu Oppenheim : </subfield>
        <subfield code="b" >in Verlegung Ioh. Theodori de Bry,</subfield>
        <subfield code="c" >1613.</subfield>
    </datafield>
    <datafield tag="300" ind1=" " ind2=" " >
        <subfield code="a" >178 p. : </subfield>
        <subfield code="b" >il. ; </subfield>
        <subfield code="c" >4º.</subfield>
    </datafield>
    <datafield tag="597" ind1=" " ind2=" " >
        <subfield code="a" >Sign.: A-Y4, Z1.</subfield>
    </datafield>
    <datafield tag="597" ind1=" " ind2=" " >
        <subfield code="a" >Iniciales grabadas.</subfield>
    </datafield>
    <datafield tag="597" ind1=" " ind2=" " >
        <subfield code="a" >Texto con apostillas marginales y letra gótica.</subfield>
    </datafield>
    <datafield tag="599" ind1=" " ind2=" " >
        <subfield code="a" >Portada grabada calcográfica alegórica.</subfield>
    </datafield>
    <datafield tag="599" ind1=" " ind2=" " >
        <subfield code="a" >Las ilustraciones son grabados calcográficos: &quot;Iodo a Winghe in&quot; escenas de atrocidades.</subfield>
    </datafield>
    <datafield tag="650" ind1=" " ind2="4" >
        <subfield code="a" >Indios de América-</subfield>
        <subfield code="x" >Trato recibido.</subfield>
    </datafield>
    <datafield tag="651" ind1=" " ind2="4" >
        <subfield code="a" >América  Española-</subfield>
        <subfield code="x" >Historia-</subfield>
        <subfield code="y" >Descubrimiento y conquista, 1492-1600.</subfield>
    </datafield>
    <datafield tag="700" ind1="1" ind2=" " >
        <subfield code="a" >Bry, Johann Theodor de (</subfield>
        <subfield code="d" >1561-1623?), </subfield>
        <subfield code="e" >impresor.</subfield>
    </datafield>
    <datafield tag="700" ind1="1" ind2=" " >
        <subfield code="a" >Winghe, Joos van (</subfield>
        <subfield code="d" >1544-1603), </subfield>
        <subfield code="e" >grabador.</subfield>
    </datafield>
    <datafield tag="752" ind1=" " ind2=" " >
        <subfield code="a" >Alemania - </subfield>
        <subfield code="d" >Oppenheim.</subfield>
    </datafield>
</record>