
<record xmlns="http://www.loc.gov/MARC21/slim" xmlns:xsi="http://www.w3.org/2001/XMLSchema-instance" xsi:schemaLocation="http://www.loc.gov/MARC21/slim http://www.loc.gov/standards/marcxml/schema/MARC21slim.xsd" type="Bibliographic" >
    <leader>00000ntc  22000005i 4500</leader>
    <controlfield tag="001" >CCPB001098479-8</controlfield>
    <controlfield tag="005" >20200617171248.0</controlfield>
    <controlfield tag="008" >110510i15161568sp     |||||||||||||spa d</controlfield>
    <datafield tag="040" ind1=" " ind2=" " >
        <subfield code="a" >CCPB-AB </subfield>
        <subfield code="b" >spa </subfield>
        <subfield code="c" >CCPB-AB </subfield>
        <subfield code="e" >rdc</subfield>
    </datafield>
    <datafield tag="245" ind1="0" ind2="1" >
        <subfield code="a" >[Documentos sobre la América Española y Filipinas] [</subfield>
        <subfield code="h" >Manuscrito].</subfield>
    </datafield>
    <datafield tag="260" ind1=" " ind2=" " >
        <subfield code="c" >1516-1568.</subfield>
    </datafield>
    <datafield tag="300" ind1=" " ind2=" " >
        <subfield code="a" >H. 100-106, 129-130, 177-182, 192v. bis, 383-400, 403-415, 439, 493-518, 683-686, 743 bis [i.e. 87 h.] ; </subfield>
        <subfield code="c" >31 x 21 cm.</subfield>
    </datafield>
    <datafield tag="505" ind1="8" ind2=" " >
        <subfield code="a" >Contiene: Los muertos que se mataron quando prendieron a Gonçalo Picarro son los siguientes (h. 100-101). Sentencia [de muerte pronunciada contra Gonçalo Pizarro] (h. 101v.). [Copia de] carta del rey para Gonzalo Piçarro [Venloo a 16 de febrero de 1546] (h. 102r.). [Copia de] carta de la Gasca para Gonzalo Piçarro [Panamá 26 de setiembre de 1546] (h. 102r.-106). El parecer del licenciado Gregorio (h. 129-130). Relación de lo acaescido en el negocio que se hizo en esta Real Audiencia contra los que se quisieron rebelar y alçar contra su Magestad aquí en México (h. 177-182, 292-293). La sentencia que dieron los SS. del Consejo sobre el  hasta oy 17 de enero de 1568, en la Nueva España, en la ciudad de México (h. 192v. bis ). Relación de algunas cosas de las que acaecieron el muy illustre señor don Hernando Cortés, Marqués del Valle, desde que se terminó a ir a descubrir tierra en la tierra firme del mar océano / Andrés de Tapia (h. 383-398). Para el año de 48, capítulo como este año vinieron algunas personas de las islas de los Malucos en la India Oriental, los quales avían partido en una armada que don Antonio Mendoza avía [enviado] hazía Poniente de la Nueva España en descubrimiento de ciertas isla [que] tenía noticia que avía mucha riqueza y lo que dixeron averles sucedido en su viaje / [Alonso de Santa Cruz] (h. 399-400). Relación de la carta del licenciado Ayllón en que da quenta de la forma que allá se tiene en las abdiencias de almirante y juezes y oficiales (h. 403). Memorial o instrucción que han de llevar los padres que por mandado de su Reverendísima Señoría y del Señor Enbaxador han de ir a reformar las Indias / [Bartolomé de las Casas] (h. 404-407). [Extracto de cartas sobre Hernán Cortés] (h. 409-412). [Noticia de los aborígenes mejicanos] (h. 413). Las cosas que para ponerse los indios en pueblos son necesarias / [Bartolomé de las Casas] (h. 414-415). Treslado de una carta [de Francisco de Ibarra] que se escriue de México a Juan de Castañeda (h. 439). Relación de todo lo sucedido en la gobernación de Omanga que por otro nombre se llama el Dorado desque fue encargada a Pedro de Osua por el Marqués de Cañete, uiso Rey de los reinos del Perú y de cómo el cruel tirano Lope de Aguirre llegó a la isla de la Margarita y de las crueldades que hizo hasta salir de dicha isla  (h. 493-518). [Carta de Alonso Enríquez de Guzmán a Pedro de Ribera sobre su residencia en Perú] (h. 683-686). Canto elegiaco de la muerte de Alonso de Ávila Alvarado y Gil Gonçales de Áuila, su hermano, dirigido al illustríssimo Señor don Martín Cortés, Marqués del Ualle, señor de las villas de Quarnauaca, Quuari, Hunauaca y Toluca (743 bis)</subfield>
    </datafield>
    <datafield tag="510" ind1="4" ind2=" " >
        <subfield code="a" >Rodríguez-Moñino, A. Catálogo de documentos de América existentes en la Colección de Jesuitas en la Academia de la Historia. Madrid, 1949,</subfield>
        <subfield code="c" >nº 2, 9, 132-133, 206, 241, 232, 328, 336, 359, 458-459, 471, 527, 547</subfield>
    </datafield>
    <datafield tag="510" ind1="4" ind2=" " >
        <subfield code="a" >Giménez Fernández, Manuel. Bartolomé de las Casas. Sevilla, 1953-1960. T. 1, cap. IX, t. II, cap. VIII, 4</subfield>
    </datafield>
    <datafield tag="520" ind1="8" ind2=" " >
        <subfield code="a" >Existe otra copia incompleta de la Relación de lo acaescido en el negocio que se hizo en esta Real Audiencia contra los que se quisieron rebelar y alçar contra su Magestad aquí en México en las h. 292-293.</subfield>
    </datafield>
    <datafield tag="581" ind1="8" ind2=" " >
        <subfield code="a" >La sentencia de Gonzalo Pizarro en y el parecer del licenciado Gregorio: Boletín de la Acedemia de la lengua. Madrid. T. 167, p. 167-168, t. 96, p. 197-199.</subfield>
    </datafield>
    <datafield tag="581" ind1="8" ind2=" " >
        <subfield code="a" >Las cartas de Gonzalo Pizarro en: Archivo Documental Español, t. XXI, v. 1, p. 385-393.</subfield>
    </datafield>
    <datafield tag="581" ind1=" " ind2=" " >
        <subfield code="a" >Jos, Emiliano. La expedición de Ursúa al Dorado y la rebelión de Lope de Aguirre. Huesca, 1927, p. 243-252.</subfield>
    </datafield>
    <datafield tag="581" ind1=" " ind2=" " >
        <subfield code="a" >Casas, Bartolomé de. Historia de las Indias. Madrid, 1875-1876, t. IV, p. 298-308.</subfield>
    </datafield>
    <datafield tag="581" ind1="8" ind2=" " >
        <subfield code="a" >La obra de Andrés de Tapia en: García Icazbalceta, Joaquín. Colección de documentos para la historia de México, t. II, p. 554-594.</subfield>
    </datafield>
    <datafield tag="594" ind1=" " ind2=" " >
        <subfield code="a" >La fichas de la colección titulada &quot;Papeles varios de Jesuitas II&quot;, atribuye la undécima y la catorceava obra a Bartolomé de las Casas, también considera autógrafas las anotaciones y correcciones en la primera de ellas.</subfield>
    </datafield>
    <datafield tag="594" ind1=" " ind2=" " >
        <subfield code="a" >Según las fichas de la colección titulada &quot;Papeles varios de Jesuitas II&quot;, la obra &quot;Para el año de 48  &quot; se corresponde al capítulo XL de la VIII parte de la Crónica del Emperador Carlos V de Alonso de Santa Cruz.</subfield>
    </datafield>
    <datafield tag="597" ind1=" " ind2=" " >
        <subfield code="a" >El recto de la h. 102, el verso de las h. 182, 743 bis y la h. 408 en bl.</subfield>
    </datafield>
    <datafield tag="600" ind1="1" ind2="4" >
        <subfield code="a" >Pizarro, Gonzalo (</subfield>
        <subfield code="d" >1502-1548)-</subfield>
        <subfield code="x" >Muerte y entierro.</subfield>
    </datafield>
    <datafield tag="600" ind1="0" ind2="4" >
        <subfield code="a" >Carlos </subfield>
        <subfield code="b" >I, </subfield>
        <subfield code="c" >Rey de España (</subfield>
        <subfield code="d" >1500-1558)-</subfield>
        <subfield code="v" >Correspondencia.</subfield>
    </datafield>
    <datafield tag="600" ind1="1" ind2="4" >
        <subfield code="a" >Lagasca, Pedro de-</subfield>
        <subfield code="v" >Correspondencia.</subfield>
    </datafield>
    <datafield tag="600" ind1="1" ind2="4" >
        <subfield code="a" >Aguirre, Lope de (</subfield>
        <subfield code="d" >ca. 1516-1561)</subfield>
    </datafield>
    <datafield tag="600" ind1="1" ind2="4" >
        <subfield code="a" >Ursúa, Pedro de (</subfield>
        <subfield code="d" >m. 1561)</subfield>
    </datafield>
    <datafield tag="600" ind1="1" ind2="4" >
        <subfield code="a" >Ávila Alvarado, Alonso de (</subfield>
        <subfield code="d" >m. 1556)-</subfield>
        <subfield code="x" >Elegías.</subfield>
    </datafield>
    <datafield tag="600" ind1="1" ind2="4" >
        <subfield code="a" >González Dávila, Gil (</subfield>
        <subfield code="d" >m. 1566)-</subfield>
        <subfield code="x" >Elegías.</subfield>
    </datafield>
    <datafield tag="600" ind1="1" ind2="4" >
        <subfield code="a" >Cortés, Martín (</subfield>
        <subfield code="d" >1532-1589)</subfield>
    </datafield>
    <datafield tag="600" ind1="1" ind2="4" >
        <subfield code="a" >Vázquez de Ayllón, Lucas (</subfield>
        <subfield code="d" >m. 1528)</subfield>
    </datafield>
    <datafield tag="600" ind1="1" ind2="4" >
        <subfield code="a" >Cortés, Hernán (</subfield>
        <subfield code="d" >1485-1547)</subfield>
    </datafield>
    <datafield tag="600" ind1="1" ind2="4" >
        <subfield code="a" >Ibarra, Francisco de (</subfield>
        <subfield code="d" >1539-1575)-</subfield>
        <subfield code="v" >Correspondencia.</subfield>
    </datafield>
    <datafield tag="600" ind1="1" ind2="4" >
        <subfield code="a" >Enriquez de Guzmán, Alonso-</subfield>
        <subfield code="v" >Correspondencia.</subfield>
    </datafield>
    <datafield tag="650" ind1=" " ind2="4" >
        <subfield code="a" >Pueblos indígenas-</subfield>
        <subfield code="z" >México-</subfield>
        <subfield code="y" >S. XVI.</subfield>
    </datafield>
    <datafield tag="651" ind1=" " ind2=" " >
        <subfield code="a" >Perú (Virreinato)-</subfield>
        <subfield code="x" >Historia-</subfield>
        <subfield code="y" >1522-1548</subfield>
    </datafield>
    <datafield tag="651" ind1=" " ind2="4" >
        <subfield code="a" >América española-</subfield>
        <subfield code="x" >Conquista-</subfield>
        <subfield code="y" >S. XVI.</subfield>
    </datafield>
    <datafield tag="651" ind1=" " ind2=" " >
        <subfield code="a" >México-</subfield>
        <subfield code="x" >Historia-</subfield>
        <subfield code="y" >1517-1521 (Descubrimiento y conquista)</subfield>
    </datafield>
    <datafield tag="651" ind1=" " ind2="4" >
        <subfield code="a" >México-</subfield>
        <subfield code="x" >Historia-</subfield>
        <subfield code="y" >1566.</subfield>
    </datafield>
    <datafield tag="651" ind1=" " ind2="4" >
        <subfield code="a" >México-</subfield>
        <subfield code="x" >Historia-</subfield>
        <subfield code="y" >1521-1821 (Época colonial)</subfield>
    </datafield>
    <datafield tag="651" ind1=" " ind2="4" >
        <subfield code="a" >Filipinas-</subfield>
        <subfield code="x" >Historia-</subfield>
        <subfield code="y" >S. XVI.</subfield>
    </datafield>
    <datafield tag="651" ind1=" " ind2="4" >
        <subfield code="a" >La Española-</subfield>
        <subfield code="x" >Historia-</subfield>
        <subfield code="y" >S. XVI.</subfield>
    </datafield>
    <datafield tag="651" ind1=" " ind2="4" >
        <subfield code="a" >Nueva Vizcaya (México)-</subfield>
        <subfield code="x" >Descubrimientos y exploraciones-</subfield>
        <subfield code="y" >1563.</subfield>
    </datafield>
    <datafield tag="655" ind1=" " ind2=" " >
        <subfield code="a" >Relaciones de sucesos-</subfield>
        <subfield code="y" >S. XVI.</subfield>
    </datafield>
    <datafield tag="700" ind1="1" ind2=" " >
        <subfield code="a" >Pizarro, Gonzalo (</subfield>
        <subfield code="d" >1502-1548), </subfield>
        <subfield code="e" >crp.</subfield>
    </datafield>
    <datafield tag="700" ind1="0" ind2=" " >
        <subfield code="a" >Gregorio </subfield>
        <subfield code="c" >(Licenciado)</subfield>
    </datafield>
    <datafield tag="700" ind1="1" ind2=" " >
        <subfield code="a" >Casas, Bartolomé de las </subfield>
        <subfield code="c" >(O.P.) (</subfield>
        <subfield code="d" >1474-1566)</subfield>
    </datafield>
    <datafield tag="700" ind1="1" ind2=" " >
        <subfield code="a" >Tapia, Andrés de. </subfield>
        <subfield code="t" >Relación de algunas cosas de las que acaecieron el muy illustre señor don Hernando Cortés, Marqués del Valle, desde que se terminó a ir a descubrir tierra en la tierra firme del mar océano.</subfield>
    </datafield>
    <datafield tag="700" ind1="1" ind2=" " >
        <subfield code="a" >Santa Cruz, Alonso de (</subfield>
        <subfield code="d" >1505-1567). </subfield>
        <subfield code="t" >Crónica del Emperador Carlos V.</subfield>
    </datafield>
    <datafield tag="700" ind1="1" ind2=" " >
        <subfield code="a" >Santa Cruz, Alonso de (</subfield>
        <subfield code="d" >1505-1567). </subfield>
        <subfield code="t" >Para el año de 48, capítulo como este año vinieron algunas personas de las islas de los Malucos en la India Oriental, los quales avían partido en una armada que don Antonio Mendoza avía [enviado] hazía Poniente de la Nueva España en descubrimiento de ciertas isla [que] tenía noticia que avía mucha riqueza y lo que dixeron averles sucedido en su viaje.</subfield>
    </datafield>
    <datafield tag="700" ind1="1" ind2=" " >
        <subfield code="a" >Castañeda, Juan de, </subfield>
        <subfield code="e" >crp.</subfield>
    </datafield>
    <datafield tag="700" ind1="1" ind2=" " >
        <subfield code="a" >Ribera, Enríquez de, </subfield>
        <subfield code="e" >crp.</subfield>
    </datafield>
</record>