
<record xmlns="http://www.loc.gov/MARC21/slim" xmlns:xsi="http://www.w3.org/2001/XMLSchema-instance" xsi:schemaLocation="http://www.loc.gov/MARC21/slim http://www.loc.gov/standards/marcxml/schema/MARC21slim.xsd" type="Bibliographic" >
    <leader>00000ntm  22000005i 4500</leader>
    <controlfield tag="001" >CCPB001095234-9</controlfield>
    <controlfield tag="005" >20200617171244.0</controlfield>
    <controlfield tag="008" >100614q17501800sp     |||||||||||||spa d</controlfield>
    <datafield tag="040" ind1=" " ind2=" " >
        <subfield code="a" >CCPB-AB </subfield>
        <subfield code="b" >spa </subfield>
        <subfield code="c" >CCPB-AB </subfield>
        <subfield code="e" >rdc</subfield>
    </datafield>
    <datafield tag="245" ind1="0" ind2="0" >
        <subfield code="a" >Historia del Obispo de Chiapas [</subfield>
        <subfield code="h" >Manuscrito].</subfield>
    </datafield>
    <datafield tag="260" ind1=" " ind2=" " >
        <subfield code="c" >[S. XVIII, 2ª mitad]</subfield>
    </datafield>
    <datafield tag="300" ind1=" " ind2=" " >
        <subfield code="a" >3 v. (326; 454; 316 h.) ; </subfield>
        <subfield code="c" >30 x 21 cm.</subfield>
    </datafield>
    <datafield tag="500" ind1=" " ind2=" " >
        <subfield code="a" >Ms. misceláneo.</subfield>
    </datafield>
    <datafield tag="505" ind1="8" ind2=" " >
        <subfield code="a" >Contiene: v. 1 Corolarium incidentale. Z. Ad quadruplicem infidelium est differentiam seu speciem quantum allinet ad pricipatus habere ... (h. 1-109). Argumento del libro 1º, el libro segundo conterna la historia de diez años començando del año de mill y quinientos y uno por todo el diez inclusiue ... tratasen del estado desta isla después que al almirante lleuaron preso a castilla gouerandola Bouadilla ... (h. 110-326) -- v. 2 Tractatus de iure et iustitia belli ... per reverendum patrem fratrem Vincentium Palentinum de Corzula ... (h. 1r-141v, 145r-183v). Questio circa vellum gestum per hispanos anno. 1541 contra incolas indos de Xalisco ... fr. Bartolomé. a casas episcopus (h. 184r- 454r) -- v. 3 Argumento de la apología que compuso el obispo fray Bartholomé de las Casas o Casaus, obispo que fue de la ciudad real de Chiapas ... sumario del libro que el doctor Sepúlveda coronista del emperador compuso contra los indios, y después se sigue parte de una apología que contra el hizo el obispo de Chiapa ... (h. 1r-316v)</subfield>
    </datafield>
    <datafield tag="594" ind1=" " ind2=" " >
        <subfield code="a" >Tít. tomado del tejuelo.</subfield>
    </datafield>
    <datafield tag="597" ind1=" " ind2=" " >
        <subfield code="a" >Signaturización alfabética; reclamos; foliación antigua a tinta en arábigos; en v. 2, h. 142-144 en bl.</subfield>
    </datafield>
    <datafield tag="597" ind1=" " ind2=" " >
        <subfield code="a" >En v. 2, h. 46v dibujo a tinta de torres, fuentes y plazas.</subfield>
    </datafield>
    <datafield tag="650" ind1=" " ind2="4" >
        <subfield code="a" >Controversia de Valladolid, 1550-1551.</subfield>
    </datafield>
    <datafield tag="650" ind1=" " ind2="4" >
        <subfield code="a" >Indios de América-</subfield>
        <subfield code="z" >Historia-</subfield>
        <subfield code="y" >S. XVI.</subfield>
    </datafield>
    <datafield tag="651" ind1=" " ind2="4" >
        <subfield code="a" >América-</subfield>
        <subfield code="x" >Descubrimientos y exploraciones-</subfield>
        <subfield code="x" >Españoles.</subfield>
    </datafield>
    <datafield tag="700" ind1="1" ind2=" " >
        <subfield code="a" >Paletin, Vinko </subfield>
        <subfield code="c" >(O. P.). </subfield>
        <subfield code="t" >Tractatus de iure et iustitia belli aduersus infidelis occidentales Indie.</subfield>
    </datafield>
    <datafield tag="700" ind1="1" ind2=" " >
        <subfield code="a" >Casas, Bartolomé de las </subfield>
        <subfield code="c" >(O.P.) (</subfield>
        <subfield code="d" >1474-1566).</subfield>
    </datafield>
    <datafield tag="700" ind1="1" ind2=" " >
        <subfield code="a" >Sepúlveda, Juan Ginés de (</subfield>
        <subfield code="d" >1490-1573).</subfield>
    </datafield>
</record>