
<record xmlns="http://www.loc.gov/MARC21/slim" xmlns:xsi="http://www.w3.org/2001/XMLSchema-instance" xsi:schemaLocation="http://www.loc.gov/MARC21/slim http://www.loc.gov/standards/marcxml/schema/MARC21slim.xsd" type="Bibliographic" >
    <leader>00000cam  22000005i 4500</leader>
    <controlfield tag="001" >CCPB001209354-8</controlfield>
    <controlfield tag="005" >20200617171436.0</controlfield>
    <controlfield tag="008" >120216s1620    ne a   |||||||||||||fre d</controlfield>
    <datafield tag="035" ind1=" " ind2=" " >
        <subfield code="z" >(M-BN)a4548184 </subfield>
        <subfield code="z" >(M-BN)a5546171</subfield>
    </datafield>
    <datafield tag="040" ind1=" " ind2=" " >
        <subfield code="a" >AR </subfield>
        <subfield code="b" >spa </subfield>
        <subfield code="c" >AR </subfield>
        <subfield code="e" >rdc</subfield>
    </datafield>
    <datafield tag="245" ind1="0" ind2="0" >
        <subfield code="a" >Le miroir de la cruelle, &amp; horrible tyrannie Espagnole perpetree au Pays Bas, par le Tyran Duc de Albe, &amp; aultres Cõmandeurs de par le Roy Philippe le duxiesme </subfield>
        <subfield code="b" >: On a adjoinct la deuxiesme partie de les Tyrannies commises aux Indes Occidentales par les Espagnols.</subfield>
    </datafield>
    <datafield tag="250" ind1=" " ind2=" " >
        <subfield code="a" >Nouvellement exorné avec taille douçe en cuyvre.</subfield>
    </datafield>
    <datafield tag="260" ind1=" " ind2=" " >
        <subfield code="a" >Tot Amsterdam : </subfield>
        <subfield code="b" >ghedruckt by Ian Evertss Cloppenburg ...,</subfield>
        <subfield code="c" >1620.</subfield>
    </datafield>
    <datafield tag="300" ind1=" " ind2=" " >
        <subfield code="a" >[4], 87 [i.e.88] h.; , 68 h. : </subfield>
        <subfield code="b" >il. ; </subfield>
        <subfield code="c" >4º.</subfield>
    </datafield>
    <datafield tag="505" ind1="8" ind2=" " >
        <subfield code="a" >Contiene: Le miroir de la Tyrannie Espagnole perpetree aux Indes Occidentales: On verra icy la cruaute plus que inhumaine, commise par les Espagnols aussi la description de ces terres, peuples, et leur nature / Mise en lumiere par ... Bartholome de las Casas, de l´Ordre de S. Dominic.; Nouvellement refaicte avec les figures en cuyvre, 68 h.</subfield>
    </datafield>
    <datafield tag="533" ind1=" " ind2=" " >
        <subfield code="a" >Copia digital : </subfield>
        <subfield code="c" >Biblioteca Digital Hispánica (Biblioteca Nacional de España)</subfield>
    </datafield>
    <datafield tag="546" ind1=" " ind2=" " >
        <subfield code="a" >Texto en francés.</subfield>
    </datafield>
    <datafield tag="583" ind1=" " ind2=" " >
        <subfield code="8" >4.1 </subfield>
        <subfield code="a" >Evaluar </subfield>
        <subfield code="l" >Cajos deteriorados, cofia dañada, texto manchado ; </subfield>
        <subfield code="c" >20141002</subfield>
    </datafield>
    <datafield tag="594" ind1=" " ind2=" " >
        <subfield code="a" >La primera obra es una versión abreviada de la obra Oorsprong en voortgang der Nederlandtscher beroerten de Johannes Gysius.</subfield>
    </datafield>
    <datafield tag="597" ind1=" " ind2=" " >
        <subfield code="a" >Sign.: (:)4, A-Y4; A-R4.</subfield>
    </datafield>
    <datafield tag="597" ind1=" " ind2=" " >
        <subfield code="a" >Error tipográfico de paginación, repite la numeración de la p. 87.</subfield>
    </datafield>
    <datafield tag="597" ind1=" " ind2=" " >
        <subfield code="a" >Texto con apostillas marginales.</subfield>
    </datafield>
    <datafield tag="597" ind1=" " ind2=" " >
        <subfield code="a" >Segunda obra con portada, paginación y signaturas propias.</subfield>
    </datafield>
    <datafield tag="597" ind1=" " ind2=" " >
        <subfield code="a" >Iniciales grabadas xilográficas.</subfield>
    </datafield>
    <datafield tag="599" ind1=" " ind2=" " >
        <subfield code="a" >Portadas grabadas xilográficas, en la que aparecen un retrato de Felipe II y diversas escenas y figuras.</subfield>
    </datafield>
    <datafield tag="599" ind1=" " ind2=" " >
        <subfield code="a" >Las il. son grabados calcográficos intercalados en el texto que representan escenas de la crueldad española con los indígenas.</subfield>
    </datafield>
    <datafield tag="600" ind1="0" ind2="4" >
        <subfield code="a" >Felipe </subfield>
        <subfield code="b" >II, </subfield>
        <subfield code="c" >Rey de España (</subfield>
        <subfield code="d" >1527-1598)</subfield>
    </datafield>
    <datafield tag="600" ind1="1" ind2="4" >
        <subfield code="a" >Álvarez de Toledo, Fernando, </subfield>
        <subfield code="b" >III </subfield>
        <subfield code="c" >Duque de Alba (</subfield>
        <subfield code="d" >1507-1582)</subfield>
    </datafield>
    <datafield tag="650" ind1=" " ind2="4" >
        <subfield code="a" >Indios de América-</subfield>
        <subfield code="x" >Trato recibido.</subfield>
    </datafield>
    <datafield tag="651" ind1=" " ind2="4" >
        <subfield code="a" >América española-</subfield>
        <subfield code="x" >Descubrimiento y conquista.</subfield>
    </datafield>
    <datafield tag="651" ind1=" " ind2="4" >
        <subfield code="a" >Países Bajos-</subfield>
        <subfield code="x" >Relaciones-</subfield>
        <subfield code="z" >España-</subfield>
        <subfield code="y" >S. XVI.</subfield>
    </datafield>
    <datafield tag="700" ind1="1" ind2=" " >
        <subfield code="a" >Casas, Bartolomé de las </subfield>
        <subfield code="c" >(O.P.) (</subfield>
        <subfield code="d" >1474-1566).</subfield>
        <subfield code="t" >Brevísima relación de la destrucción de las Indias. </subfield>
        <subfield code="l" >Francés.</subfield>
    </datafield>
    <datafield tag="700" ind1="1" ind2=" " >
        <subfield code="a" >Cloppenburgh, Evert, </subfield>
        <subfield code="e" >impresor.</subfield>
    </datafield>
    <datafield tag="700" ind1="1" ind2=" " >
        <subfield code="a" >Gysius, Johannes. </subfield>
        <subfield code="t" >Oorsprong ende voortgang de Neder-landtscher beroerten. </subfield>
        <subfield code="l" >Francés.</subfield>
    </datafield>
    <datafield tag="740" ind1="3" ind2=" " >
        <subfield code="a" >Le miroir de la Tyrannie Espagnole perpetree aux Indes Occidentales.</subfield>
    </datafield>
    <datafield tag="740" ind1="0" ind2=" " >
        <subfield code="a" >Oorsprong ende voortgang de Neder-landtscher beroerten.</subfield>
    </datafield>
    <datafield tag="752" ind1=" " ind2=" " >
        <subfield code="a" >Holanda - </subfield>
        <subfield code="d" >Amsterdam.</subfield>
    </datafield>
</record>