
<record xmlns="http://www.loc.gov/MARC21/slim" xmlns:xsi="http://www.w3.org/2001/XMLSchema-instance" xsi:schemaLocation="http://www.loc.gov/MARC21/slim http://www.loc.gov/standards/marcxml/schema/MARC21slim.xsd" type="Bibliographic" >
    <leader>00000ntm a2200000 i 4500</leader>
    <controlfield tag="001" >CCPB001259454-7</controlfield>
    <controlfield tag="005" >20200617171530.0</controlfield>
    <controlfield tag="008" >100611q16011700sp            000 0 spa d</controlfield>
    <datafield tag="035" ind1=" " ind2=" " >
        <subfield code="a" >(M-BN)a4769946</subfield>
    </datafield>
    <datafield tag="040" ind1=" " ind2=" " >
        <subfield code="a" >M-BN </subfield>
        <subfield code="b" >spa </subfield>
        <subfield code="c" >M-BN </subfield>
        <subfield code="e" >rdc</subfield>
    </datafield>
    <datafield tag="080" ind1=" " ind2=" " >
        <subfield code="a" >316</subfield>
    </datafield>
    <datafield tag="080" ind1=" " ind2=" " >
        <subfield code="a" >94(7/8)</subfield>
    </datafield>
    <datafield tag="245" ind1="0" ind2="0" >
        <subfield code="a" >Papeles varios relativos a América [</subfield>
        <subfield code="h" >Manuscrito].</subfield>
    </datafield>
    <datafield tag="246" ind1="1" ind2="8" >
        <subfield code="a" >Varios papeles tocantes a Indias</subfield>
    </datafield>
    <datafield tag="260" ind1=" " ind2=" " >
        <subfield code="c" >S. XVII.</subfield>
    </datafield>
    <datafield tag="300" ind1=" " ind2=" " >
        <subfield code="a" >205 h. ; </subfield>
        <subfield code="c" >30 x 21 cm.</subfield>
    </datafield>
    <datafield tag="500" ind1=" " ind2=" " >
        <subfield code="a" >Manuscritos e impresos.</subfield>
    </datafield>
    <datafield tag="505" ind1="0" ind2=" " >
        <subfield code="a" >Carta del P. Las Casas, Obispo de Chiapas, a Fr. Bartolomé Miranda, sobre los repartimientos de indios, agosto 1555 (h. 1-22v). Instrucción que por mandado de S.M. hizo el Virrey Martín Henríquez para el Conde de la Coruña, sobre el gobierno de Nueva España, 25 septiembre 1580 (h. 23-35). Parecer de Alonso Mejía sobre la Real Cédula de 1609 y demás despachos que tratan del servicio personal de los indios (h. 38-67v). Informe sobre los tributos personales de los indios en Nueva España y Memorial sobre la reducción de dichos tributos, que resultó de lo tratado con Gregorio Vázquez, por orden de S.M. (h. 70-75). Memorial sobre la armada de galeones y la protección de las flotas de Indias (h. 76-80). [Impreso]: Contrato del Capitán Juan González de Guzmán, que toma a su cargo la renta del Almojarifazgo Mayor de Indias, 1603-1612 (h. 82-101v). [Impreso]: Parecer de Cristóbal de Moscoso y Córdoba sobre la Real Cédula de 1635, que ordena repartir en siete partes los frutos de los obispados vacantes en Indias (h. 102-117v). [Impreso]: Informe de Pedro Porter y Casanate a S.M. sobre su frustrado viaje a California en 1636, y la conveniencia de poblar aquella tierra (h. 118-121v). [Impreso]: Memorial de Nicolás de Cardona a S.M. sobre sus viajes a California y solicitud de licencia para continuarlos (h. 123-130). [Impreso]: Traducción de la dedicatoria real y epístolas proemiales del segundo tomo del Derecho y gobierno de las Indias Occidentales, que ha sacado a la luz Juan Solórzano Pereira, del Consejo Real de ellas. Oficina de Francisco Martínez, 1639 (h. 131-197). [Impreso]: Relación que en el Consejo Real de las Indias hizo el licenciado Antonio de León Pinelo..., sobre la pacificación y población de las provincias de Manché y Lacandón, que pretende hace Diego de Vera Ordóñez (h. 198-205v)</subfield>
    </datafield>
    <datafield tag="510" ind1="4" ind2=" " >
        <subfield code="a" >Paz, América (2ª ed.), </subfield>
        <subfield code="c" >p. 79-80, n. 292</subfield>
    </datafield>
    <datafield tag="510" ind1="4" ind2=" " >
        <subfield code="a" >Andrés, G. de, Uceda, </subfield>
        <subfield code="c" >p. 31, n. 324</subfield>
    </datafield>
    <datafield tag="510" ind1="4" ind2=" " >
        <subfield code="a" >Fernández Pomar, Uceda, </subfield>
        <subfield code="c" >p. 510, n. 436-440</subfield>
    </datafield>
    <datafield tag="510" ind1="4" ind2=" " >
        <subfield code="a" >Lohman Villena, Guillermo, Las relaciones de los virreyes del Perú, Sevilla, 1959, </subfield>
        <subfield code="c" >p. 59</subfield>
    </datafield>
    <datafield tag="510" ind1="4" ind2=" " >
        <subfield code="a" >Holmes, Maurice H., From New Spain by sea to the Californias 1519- 1668, California, 1963, </subfield>
        <subfield code="c" >p. 292</subfield>
    </datafield>
    <datafield tag="510" ind1="4" ind2=" " >
        <subfield code="a" >Zavala, Silvio A., La encomienda indiana, México D.F., 1973 (2ª ed.),</subfield>
        <subfield code="c" >p. 123 y 126</subfield>
    </datafield>
    <datafield tag="510" ind1="4" ind2=" " >
        <subfield code="a" >Gil, Juan, Mitos y utopías del descubrimiento: 2. El Pacífico, Madrid, 1989, </subfield>
        <subfield code="c" >p. 153</subfield>
    </datafield>
    <datafield tag="510" ind1="4" ind2=" " >
        <subfield code="a" >Gómez Rivas, León, El virrey del Perú don Francisco de Toledo, Madrid, 1994, </subfield>
        <subfield code="c" >p. 17</subfield>
    </datafield>
    <datafield tag="510" ind1="4" ind2=" " >
        <subfield code="a" >García-Romeral Pérez, Carlos, Biobliografías de viajeros españoles (siglos XVI - XVII). Madrid, 1998, </subfield>
        <subfield code="c" >p. 56</subfield>
    </datafield>
    <datafield tag="510" ind1="4" ind2=" " >
        <subfield code="a" >Maqueda, Consuelo, Mundo indígena e Inquisición. Conflicto de fe en Nueva España, en Intolerancia e Inquisición, José Antonio Escudero (ed.), Madrid, 2005, </subfield>
        <subfield code="c" >t. III, p. 49</subfield>
    </datafield>
    <datafield tag="510" ind1="4" ind2=" " >
        <subfield code="a" >Numhauser, Paulina, ¿Sublevando el virreinato? Jesuitas italianos en el virreinato del Perú del siglo XVII. Gerónimo Pallas (S.I), en Sublevando el virreinato: documentos contestatarios a la historiografía tradicional del Perú colonial, Laurencich, L. y Numhauser, P. (eds.), Quito, 2007, </subfield>
        <subfield code="c" >p. 119</subfield>
    </datafield>
    <datafield tag="510" ind1="4" ind2=" " >
        <subfield code="a" >Amadori, Arrigo, Privanza, patronazgo y fiscalidad indiana en la corte de Madrid durante el reinado de Felipe IV, en Revista complutense de historia de América, </subfield>
        <subfield code="c" >v. 34 (2008), p. 76</subfield>
    </datafield>
    <datafield tag="533" ind1=" " ind2=" " >
        <subfield code="a" >Copia digital : </subfield>
        <subfield code="c" >Biblioteca Digital Hispánica (Biblioteca Nacional de España)</subfield>
    </datafield>
    <datafield tag="581" ind1=" " ind2=" " >
        <subfield code="a" >Memorial del Almirante D. Pedro Porter Casanate, al Rey, recomendando una nueva expedición a la California, en Californiana II, Documentos para la historia de la explotación comercial de California, 1611-1679, M. Mathes (ed.), Madrid, 1970, pp. 763-774.</subfield>
    </datafield>
    <datafield tag="583" ind1=" " ind2=" " >
        <subfield code="8" >1.1 </subfield>
        <subfield code="a" >Restaurar </subfield>
        <subfield code="c" >20130612 </subfield>
        <subfield code="l" >texto manchado</subfield>
    </datafield>
    <datafield tag="594" ind1=" " ind2=" " >
        <subfield code="a" >Título en el tejuelo: Varios papeles tocantes a Indias.</subfield>
    </datafield>
    <datafield tag="597" ind1=" " ind2=" " >
        <subfield code="a" >En blanco las h. 36-37, 68-69 y 81.</subfield>
    </datafield>
    <datafield tag="650" ind1=" " ind2="4" >
        <subfield code="a" >Indios de México-</subfield>
        <subfield code="x" >Trato recibido-</subfield>
        <subfield code="v" >Historia-</subfield>
        <subfield code="v" >Fuentes.</subfield>
    </datafield>
    <datafield tag="650" ind1=" " ind2="4" >
        <subfield code="a" >Impuestos-</subfield>
        <subfield code="z" >América española.</subfield>
    </datafield>
    <datafield tag="651" ind1=" " ind2="4" >
        <subfield code="a" >México-</subfield>
        <subfield code="x" >Historia-</subfield>
        <subfield code="y" >1521-1821 (Época colonial)-</subfield>
        <subfield code="v" >Fuentes.</subfield>
    </datafield>
    <datafield tag="700" ind1="1" ind2="2" >
        <subfield code="a" >Casas, Bartolomé de las (</subfield>
        <subfield code="d" >1474-1566)</subfield>
    </datafield>
    <datafield tag="700" ind1="1" ind2="2" >
        <subfield code="a" >Miranda, Bartolomé de </subfield>
        <subfield code="c" >(O.P.)</subfield>
    </datafield>
    <datafield tag="700" ind1="1" ind2="2" >
        <subfield code="a" >Enríquez de Almansa, Martín.</subfield>
    </datafield>
    <datafield tag="700" ind1="1" ind2="2" >
        <subfield code="a" >Coruña, Alfonso Suárez de Mendoza, </subfield>
        <subfield code="c" >Conde de (</subfield>
        <subfield code="d" >fl. 1534)</subfield>
    </datafield>
    <datafield tag="700" ind1="1" ind2="2" >
        <subfield code="a" >Mejía, Alonso.</subfield>
    </datafield>
</record>