
<record xmlns="http://www.loc.gov/MARC21/slim" xmlns:xsi="http://www.w3.org/2001/XMLSchema-instance" xsi:schemaLocation="http://www.loc.gov/MARC21/slim http://www.loc.gov/standards/marcxml/schema/MARC21slim.xsd" type="Bibliographic" >
    <leader>00000cam  22000005i 4500</leader>
    <controlfield tag="001" >CCPB000045832-5</controlfield>
    <controlfield tag="005" >20181016131310.0</controlfield>
    <controlfield tag="008" >931025s1621    fr            ||| | ita d</controlfield>
    <datafield tag="035" ind1=" " ind2=" " >
        <subfield code="a" >0100113073 </subfield>
        <subfield code="z" >(M-BN)bima0000010247</subfield>
    </datafield>
    <datafield tag="040" ind1=" " ind2=" " >
        <subfield code="a" >SR </subfield>
        <subfield code="b" >spa </subfield>
        <subfield code="c" >PAB </subfield>
        <subfield code="d" >CCPB </subfield>
        <subfield code="e" >rdc</subfield>
    </datafield>
    <datafield tag="100" ind1="1" ind2=" " >
        <subfield code="a" >Pio, Giovanni Michele </subfield>
        <subfield code="c" >(O.P.)</subfield>
    </datafield>
    <datafield tag="245" ind1="1" ind2="0" >
        <subfield code="a" >Allegatione per confirmare quanto si scriue nell&#39; Annotationi all&#39; Auuiso di Parnaso al numero 57, cauata dalla vita di F. Bartolomeo dalla Casa, Vescouo di Chiapa / </subfield>
        <subfield code="c" >descritta da F. Michele Pio Bolognese ... teologo dominicano e stampata con molte altre d&#39;huomini ilustri di questo ordine in Pania l&#39;anno 1613.</subfield>
    </datafield>
    <datafield tag="260" ind1=" " ind2=" " >
        <subfield code="a" >In Antopoli : </subfield>
        <subfield code="b" >nella stamperia regia, </subfield>
        <subfield code="c" >1621.</subfield>
    </datafield>
    <datafield tag="300" ind1=" " ind2=" " >
        <subfield code="a" >22 p. ; </subfield>
        <subfield code="c" >4º.</subfield>
    </datafield>
    <datafield tag="597" ind1=" " ind2=" " >
        <subfield code="a" >Sign.: A-B4, C3.</subfield>
    </datafield>
    <datafield tag="600" ind1="1" ind2="4" >
        <subfield code="a" >Casas, Bartolomé de las </subfield>
        <subfield code="c" >(O.P.) (</subfield>
        <subfield code="d" >1474-1566)-</subfield>
        <subfield code="x" >Biografías.</subfield>
    </datafield>
    <datafield tag="600" ind1="1" ind2="4" >
        <subfield code="a" >Castellani, Giacomo. </subfield>
        <subfield code="t" >Auuiso di Parnaso-</subfield>
        <subfield code="v" >Crítica e interpretación.</subfield>
    </datafield>
    <datafield tag="710" ind1="2" ind2=" " >
        <subfield code="a" >Stamperia reale (Antibes), </subfield>
        <subfield code="e" >impresor</subfield>
    </datafield>
    <datafield tag="740" ind1="0" ind2=" " >
        <subfield code="a" >Auuiso di Parnaso.</subfield>
    </datafield>
    <datafield tag="752" ind1=" " ind2=" " >
        <subfield code="a" >Francia - </subfield>
        <subfield code="d" >Antibes.</subfield>
    </datafield>
</record>