
<record xmlns="http://www.loc.gov/MARC21/slim" xmlns:xsi="http://www.w3.org/2001/XMLSchema-instance" xsi:schemaLocation="http://www.loc.gov/MARC21/slim http://www.loc.gov/standards/marcxml/schema/MARC21slim.xsd" type="Bibliographic" >
    <leader>00000nam  22000005i 4500</leader>
    <controlfield tag="001" >CCPB000413227-0</controlfield>
    <controlfield tag="005" >20170114001542.0</controlfield>
    <controlfield tag="008" >000905s1640    ne a          ||| | dut d</controlfield>
    <datafield tag="035" ind1=" " ind2=" " >
        <subfield code="a" >DMBR010104742</subfield>
    </datafield>
    <datafield tag="040" ind1=" " ind2=" " >
        <subfield code="a" >CCPB-B </subfield>
        <subfield code="b" >spa </subfield>
        <subfield code="c" >CCPB-B </subfield>
        <subfield code="e" >rdc</subfield>
    </datafield>
    <datafield tag="100" ind1="1" ind2=" " >
        <subfield code="a" >Spieghel, Vermeerdenden Den.</subfield>
    </datafield>
    <datafield tag="245" ind1="1" ind2="0" >
        <subfield code="a" >Den Vermeerderden Spieghel Der spaensche tierannijegeschiet in Westindien waerin tesien is de onmenschelijcke wreede seiijten der spajarden met samen de beschiriivinge der selver lant en volcken aert en nature </subfield>
        <subfield code="b" >: allen Vaderlant licuende en Vrome voorstaders ten exemplen voorgestelt / </subfield>
        <subfield code="c" >in spans belcheeven door den E. Bischop don fray Bartholome de las Casa van S. Dominicus oorden.</subfield>
    </datafield>
    <datafield tag="260" ind1=" " ind2=" " >
        <subfield code="a" >Amsterdam : </subfield>
        <subfield code="b" >by Cornelis Lodewiicksz vander Plasse, </subfield>
        <subfield code="c" >1640.</subfield>
    </datafield>
    <datafield tag="300" ind1=" " ind2=" " >
        <subfield code="a" >[52] h. : </subfield>
        <subfield code="b" >il. ; </subfield>
        <subfield code="c" >4º.</subfield>
    </datafield>
    <datafield tag="594" ind1=" " ind2=" " >
        <subfield code="a" >Autor precede al tít.</subfield>
    </datafield>
    <datafield tag="597" ind1=" " ind2=" " >
        <subfield code="a" >Sign.: A4, A-M4.</subfield>
    </datafield>
    <datafield tag="597" ind1=" " ind2=" " >
        <subfield code="a" >Port. grab. calc.</subfield>
    </datafield>
    <datafield tag="599" ind1=" " ind2=" " >
        <subfield code="a" >Ilustraciones calc.</subfield>
    </datafield>
    <datafield tag="651" ind1=" " ind2="4" >
        <subfield code="a" >América-</subfield>
        <subfield code="x" >Descubrimientos y exploraciones-</subfield>
        <subfield code="y" >S. XVII.</subfield>
    </datafield>
    <datafield tag="700" ind1="1" ind2=" " >
        <subfield code="a" >Casas, Bartolomé de las </subfield>
        <subfield code="c" >(O.P.) (</subfield>
        <subfield code="d" >1474-1566), </subfield>
        <subfield code="e" >com.</subfield>
    </datafield>
    <datafield tag="700" ind1="1" ind2=" " >
        <subfield code="a" >Bischop, E., </subfield>
        <subfield code="e" >trad.</subfield>
    </datafield>
    <datafield tag="700" ind1="1" ind2=" " >
        <subfield code="a" >Plasse, Cornelis Lodewijcksz van der, </subfield>
        <subfield code="e" >ed.</subfield>
    </datafield>
    <datafield tag="740" ind1="4" ind2=" " >
        <subfield code="a" >Der Spaensche tierannijegeschiet in Westindien.</subfield>
    </datafield>
    <datafield tag="752" ind1=" " ind2=" " >
        <subfield code="a" >Holanda - </subfield>
        <subfield code="d" >Amsterdam</subfield>
    </datafield>
</record></collection>
